3542 5092
379 522 510 649 =186.
734 554 978 639 4²³²&
1082 514 1085 525 ⁸

378 722 583 837 quemlibet
607 732 655 811 ad
682 729 769 809 alias
798 732 906 813 horas
942 732 1095 819 chorum
1133 728 1394 835 ingredientem

376 849 530 948 semper.
552 866 589 929 et
607 847 696 927 nulli
714 848 752 927 in
774 848 960 928 matutinis
979 846 1100 948 prima
1114 869 1159 921 ac
1177 843 1394 945 Vesperisst

378 964 617 1063 completorio
632 961 784 1039 chorum
800 963 903 1043 exire
919 961 1130 1069 conceditur
1149 958 1217 1038 nist
1232 958 1391 1063 ‘mirmi-

303 1090 305 1097 '
375 1095 430 1161 tas
444 1078 480 1158 dc
496 1079 566 1157 alia
582 1075 774 1157 necessaria
791 1079 895 1157 causa
913 1102 995 1157 eum
1021 1077 1124 1157 exire
1139 1072 1395 1173 coarciaverit,

378 1222 423 1281 eo
446 1198 542 1277 enim
564 1197 646 1275 casu
662 1218 685 1272 a
700 1196 852 1275 Decano
872 1196 1085 1297 fipraesens
1104 1195 1244 1293 fuerit,
1270 1200 1332 1275 aut
1352 1192 1396 1275 le

376 1316 482 1397 miore
510 1315 549 1391 in
574 1297 668 1390 iilius
699 1311 860 1389 absentia
881 1311 1030 1391 licentia
1057 1311 1172 1412 petita
1196 1310 1398 1391 innomine

259 1480 260 1484 κ
379 1430 532 1515 Domini
550 1427 651 1508 exire
670 1428 922 1528 permittitur,
944 1428 1075 1507 sivero
1093 1428 1249 1507 Decano
1270 1444 1334 1505 aut
1351 1427 1399 1507 se·

377 1545 475 1634 niori
489 1543 649 1623 faciliter
662 1540 760 1639 loqui
779 1564 852 1619 non
873 1541 999 1642 polilt,
1025 1541 1176 1641 quiailli
1192 1544 1270 1623 duo
1283 1542 1321 1621 in
1335 1566 1401 1623 unc

376 1656 415 1738 ἀ
439 1659 515 1759 ipse
538 1659 576 1737 in
591 1654 895 1761 alterolateribus
915 1672 977 1734 aut
992 1657 1031 1735 in
1048 1656 1176 1734 eodem
1193 1656 1315 1735 latere
1329 1658 1401 1737 lan·

376 1793 424 1879 ge
445 1772 491 1849 ab
510 1794 553 1849 eo
570 1772 726 1865 starent,
753 1768 803 1846 ita
822 1771 921 1869 quod
938 1766 1144 1870 hujusmodi
1160 1769 1322 1849 licentia'
1332 1768 1401 1868 peti

375 1913 449 1969 non
478 1887 603 1988 pollit,
638 1885 704 1964 nisi
735 1886 856 1984 aliqua
881 1886 995 1965 divini
1019 1891 1133 1965 cultus
1170 1882 1420 1987 pernmbatin·

375 2007 502 2099 lieret,
536 2004 636 2083 suum
672 2003 834 2081 vicinum
864 2004 900 2081 ei
931 2005 1103 2083 astantem
1136 2004 1315 2105 rogabit,
1337 2022 1398 2103 pre

349 2143 421 2199 Ιεο
453 2116 570 2195 officio
605 2115 727 2195 divino
763 2114 914 2215 peresio
950 2116 1132 2194 licentiam
1157 2119 1272 2195 modo
1298 2136 1396 2216 prae·

372 2232 478 2321 mim.
491 2241 556 2332 (ne
576 2259 623 2316 ex
647 2252 858 2337 contemptu
875 2237 978 2317 exire
995 2238 1181 2332 videatur)
1202 2253 1310 2337 petat
1324 2238 1393 2313 Dc·
1420 2320 1426 2332 ,

376 2372 444 2431 nus
468 2364 629 2425 tamena
651 2350 890 2451 mulioneque
914 2348 1052 2430 seniore
1071 2338 1194 2428 saitem
1220 2349 1262 2429 in
1276 2350 1392 2429 absen
1418 2403 1430 2453 p

330 2552 332 2559 ,
373 2469 426 2550 tia
450 2460 592 2540 Decani
614 2454 796 2549 licentiam
813 2461 1022 2563 hujusmodi
1042 2478 1171 2561 petere
1190 2461 1327 2559 debet3
1355 2460 1391 2537 m
1418 2508 1429 2565 Ξ

373 2572 501 2678 liquis
527 2581 713 2659 matutinis
737 2581 893 2682 inceptis
922 2597 1006 2659 ante
1037 2581 1177 2659 Laudes
1207 2578 1391 2659 necessaria

378 2696 482 2774 exire
504 2695 674 2775 habuerit
687 2695 725 2774 in
744 2695 814 2775 illis
842 2700 958 2775 donec
975 2713 1100 2775 cantus
1124 2696 1390 2775 renuendae
1417 2722 1429 2796 t'.

271 2830 283 2845 ·’
377 2815 498 2885 damus
513 2810 718 2890 Vcrficulus
742 2827 826 2889 ante
846 2814 968 2889 laudes
992 2809 1086 2891 liniti
1106 2810 1196 2901 fint,
1225 2809 1387 2889 manebit
1418 2858 1427 2907 2

372 2920 488 3001 Potest
514 2940 634 3002 tamen
657 2925 736 3024 quis
763 2926 827 3004 sub
852 2927 908 3004 his
941 2925 1040 3003 horis
1069 2918 1387 3025 cauns'praedic‘tis
1418 2956 1430 3028 ᾗ

373 3058 436 3116 aut
458 3042 571 3118 altera
589 3044 731 3120 illarum
754 3043 1031 3121 occurrentibus
1055 3041 1256 3120 armarium
1273 3060 1386 3141 petere
1418 3094 1430 3146 f

375 3153 529 3233 &alteri
546 3160 645 3256 loqui
664 3159 784 3238 ehoe
797 3159 898 3238 faslo
915 3161 1047 3238 iterum
1063 3161 1216 3237 chorum
1236 3160 1273 3238 dc
1293 3162 1386 3241 horas
1417 3184 1420 3197 ¹

373 3269 540 3370 ingredi,
575 3270 716 3351 Reslor
742 3296 831 3351 vero
851 3275 1018 3371 Capellae
1042 3272 1102 3350 seu
1127 3273 1386 3351 alta1·is'S.Ml

371 3387 491 3461 clariis
507 3387 666 3465 familiae
685 3391 825 3468 nostrae
846 3404 993 3468 curator
1019 3388 1058 3466 in
1082 3387 1172 3466 sesto
1203 3390 1387 3471 celebrion'
1421 3442 1430 3491 ς

373 3492 474 3576 sexto
492 3497 716 3596 responsorio
733 3499 772 3576 in
789 3498 973 3579 matutinis
986 3502 1178 3579 'decantato
1195 3503 1301 3582 exire
1315 3518 1387 3605 pot·
1423 3562 1430 3610 ς

374 3610 447 3706 est,
474 3613 504 3688 is
530 3613 624 3691 enim
647 3615 852 3693 Dominicis
876 3617 1003 3715 diebus
1035 3618 1165 3698 &aliis
1184 3620 1388 3722 principali-
1425 3680 1430 3701 .

369 3726 438 3801 bus
453 3727 552 3805 sestis
573 3755 660 3809 mox
679 3733 865 3810 matutinis
884 3733 997 3811 sinitis
1014 3737 1199 3814 celebrare
1230 3737 1269 3815 dc
1288 3738 1387 3817 sami·
1427 3797 1430 3807 -

369 3842 440 3918 liae
469 3846 623 3925 verbum
646 3847 718 3925 Dei
741 3847 866 3925 facere
889 3846 926 3926 <iz
951 3849 1042 3927 nulli
1056 3852 1136 3952 post
1148 3852 1267 3957 linem
1283 3850 1387 3955 primi
1428 3920 1430 3931 .

278 4007 282 4016 .
347 4022 351 4033 .
370 3960 497 4060 psalmi
514 3977 587 4039 tam
605 3963 644 4052 in
657 3964 815 4067 vesperis
835 3987 945 4063 quam
966 3966 1086 4066 prima
1101 3966 1136 4046 dc
1153 3968 1388 4069 completorio

369 4079 520 4154 chorum
536 4077 681 4183 ingredi
696 4081 753 4160 sas
771 4082 832 4158 est.
885 4083 929 4160 In
945 4083 1054 4162 tertia
1070 4102 1215 4181 autem,
1242 4084 1387 4171 seme&

369 4218 465 4275 nona
482 4197 584 4319 causa
605 4199 751 4278 hanella
771 4199 1010 4284 militantibus
1034 4203 1074 4282 id
1097 4203 1177 4285 lieri
1201 4206 1388 4287 toleratur.

1219 4319 1350 4400 Canc-
1428 4368 1430 4381 ι
