3542 5092
467 506 472 514 “
525 523 601 597 290
660 595 664 600 ,
900 498 1074 587 0³³9
1134 549 1137 554 -
1199 593 1201 599 ,

312 657 316 668 ’
480 675 653 760 excusare
670 673 708 754 se
723 675 860 777 valcat,
891 689 955 759 ne
955 705 1097 786 penas,
1118 677 1316 810 dequibus
1337 681 1506 784 predici

477 808 562 895 tur,
586 792 749 869 incurrat
765 791 834 870 cte.

603 957 668 1035 Ex
685 958 804 1060 fioodc
824 954 971 1034 Donini
992 951 1204 1036 Woliirami
1229 903 1391 1058 Episcopi

863 1069 1122 1174 Herbipulcnfis.

441 1259 451 1276 ·
481 1220 483 1225 '
546 1204 768 1311 statuimus,
797 1221 842 1284 ut
858 1212 981 1288 nullus
996 1207 1249 1309 'cbjuscunque
1275 1207 1504 1289 condicionis

474 1325 624 1422 existat,
648 1322 749 1400 viros
771 1321 831 1400 seu
858 1326 1030 1402 mulieres
1055 1325 1240 1425 pervim,
1267 1327 1506 1410 coaccionem

476 1439 539 1520 seu
553 1451 716 1531 metum,
740 1432 804 1531 qui
820 1437 937 1533 potest
950 1439 1079 1514 cadere
1090 1435 1129 1514 in
1145 1435 1392 1531 constantem,
1423 1447 1506 1516 nta-

391 1601 395 1609 ·
475 1555 652 1638 trimonia‘
663 1551 881 1629 contrahere
907 1571 1015 1658 cogat
1031 1554 1236 1653 aliqualiter
1253 1543 1313 1633 seu
1334 1561 1508 1655 compel-

252 1697 255 1703 ·
380 1745 383 1749 .
474 1680 528 1756 lat
542 1671 812 1775 presbiterum,
837 1673 903 1750 ubi
919 1673 1167 1772 inpedimenta
1188 1675 1353 1774 legitima
1371 1679 1503 1756 obser·

474 1811 571 1868 vare
583 1787 792 1868 noscuntur.
826 1791 951 1890 Quare
969 1787 1077 1888 srquIs
1093 1790 1319 1868 contrarium
1328 1807 1504 1894 attemp-

474 1901 556 1984 tare
576 1902 836 2007 presumpserit
858 1926 927 2002 per
950 1904 986 1984 se
1008 1907 1067 1982 vel
1093 1929 1163 2008 per
1187 1906 1296 1985 alium
1324 1912 1382 1987 vel
1405 1912 1504 1988 alios

469 2025 614 2112 ¹‹iireiie
640 2025 698 2098 vel
717 2020 919 2120 indirecte,
958 2019 1114 2104 e'undem
1143 2027 1438 2128 presumptorem
1462 2028 1503 2106 <ic

473 2140 561 2217 alios
579 2136 811 2236 quoscunque
829 2134 896 2210 fibi
915 2140 962 2215 acl
985 2140 1056 2217 hoc
1070 2140 1268 2237 auxilium,
1296 2139 1502 2223 Consilium

440 2289 445 2302 =
473 2243 721 2332 vel'favorem
744 2248 966 2350 prestantes,
1001 2251 1390 2346 excommunicacionis
1413 2255 1501 2360 sen·

472 2370 594 2452 tencie
615 2368 692 2468 ipso
711 2362 812 2444 failo
841 2369 1069 2447 decernimus
1091 2366 1301 2470 subjacere,
1331 2395 1417 2450 narn
1445 2373 1500 2450 est

474 2483 644 2577 difficile,
669 2495 710 2557 ut
725 2481 821 2556 bono
839 2480 940 2560 exitu
958 2497 1207 2584 peragantur,
1233 2507 1303 2584 quc
1318 2483 1399 2563 sunt
1416 2510 1501 2566 ma·

469 2605 509 2688 lo
526 2595 707 2701 principio
729 2592 908 2672 inchoata.

521 2731 608 2811 De
626 2727 924 2828 (insanguioitate
946 2727 983 2807 ii
1005 2723 1188 2826 affinitate
1236 2733 1296 2810 Ex
1326 2731 1503 2821 Concilio

357 2856 361 2860 ’
470 2843 679 2936 Viennensi.

390 3067 397 3076 ¹
542 2983 636 3080 Eos,
663 2979 752 3084 qui
757 2977 880 3058 divino
901 2976 1034 3056 timore
1058 2979 1250 3083 postposito
1275 2983 1316 3062 in
1345 2981 1499 3072 suarum

464 3095 674 3210 periculum
694 3095 894 3174 animarum
912 3094 1095 3190 scienter
1083 3120 1122 3172 m
1143 3092 1316 3198 gradibus
1341 3097 1497 3176 consan-

468 3212 657 3318 guinitatis
679 3215 714 3291 tia
736 3213 929 3323 affinitatis
939 3207 1196 3294 constitucione
1212 3215 1413 3324 canonica,
1433 3217 1496 3298 in·

429 3367 433 3377 ,
467 3329 634 3411 terdisiis
648 3348 709 3412 aut
725 3356 808 3410 cum
822 3303 1038 3413 monialibus
1061 3336 1278 3422 contrahere
1299 3334 1496 3412 matrimo-

467 3449 532 3530 nia
547 3476 621 3532 non
639 3469 834 3548 verentur,
865 3474 1028 3531 necnon
1051 3453 1291 3555 religiosos&
1313 3454 1494 3534 moniales

467 3587 513 3642 ac
527 3569 677 3647 clericos
692 3569 730 3646 in
747 3565 855 3646 sacris
871 3565 1061 3658 ordinibus
1077 3568 1284 3646 constitutos
1297 3566 1494 3678 matrimo-

467 3681 530 3759 nia
561 3686 814 3764 contrahentes
824 3685 854 3781 ,J
885 3683 1277 3787 excommunicacionis
1305 3681 1493 3760 sentencie

468 3799 632 3879 decernit
661 3800 875 3884 viennense,
894 3797 1097 3878 Concilium
1122 3799 1331 3902 subjacere,
1363 3801 1493 3900 preci-

367 3977 374 3987 .
466 3909 571 4014 piens
591 3917 830 4021 Ecclesrarum
848 3911 1021 4024 prelatis,
1045 3930 1085 3994 ut
1100 3915 1203 4016 illos,
1229 3937 1317 4014 quos
1337 3936 1380 3991 ea
1399 3938 1492 3993 con-

466 4033 598 4112 stiterit
613 4033 733 4110 taliter
751 4027 990 4126 contraxisse,
1017 4031 1347 4110 excommunicatus
1363 4030 1491 4128 publi·

466 4169 510 4226 ce
539 4163 618 4230 tam
644 4150 707 4232 diu
729 4138 906 4232 nuncient
925 4149 995 4260 scu
1016 4173 1053 4253 a
1074 4149 1144 4262 suis
1171 4149 1310 4231 faciant
1335 4149 1491 4257 subditis

1123 4305 1126 4314 ·
1342 4285 1440 4350 liliu-
