3542 5092
539 547 608 655 aaa
840 530 1087 617 0³⁵0

489 725 581 793 tates
596 701 765 786 Ecclesia
781 706 1063 805 conserventur,
1084 707 1287 787 Concordia
1305 714 1522 807 (perquam

485 848 612 930 parvae
638 846 697 901 res
721 822 903 923 crescunt)
931 825 1103 906 foveatur
1130 823 1168 899 de
1199 820 1431 899 dissensiones
1462 817 1539 898 res'

485 962 637 1039 magnas
658 937 916 1018 labefaciantes
936 946 1109 1019 tollantur
1126 940 1301 1016 adiubere
1320 940 1538 1016 consueto-t

485 1060 587 1137 dines
610 1053 646 1133 dr
673 1054 917 1134 observantias
937 1057 1162 1155 hujusmodi,
1197 1054 1233 1131 da
1250 1056 1321 1131 alia
1340 1054 1519 1131 Ecclesia
1537 1033 1538 1086 Ὺ

484 1169 615 1251 nostrae
637 1166 793 1248 danobis
811 1168 912 1271 utilia
930 1166 1126 1249 necessaria
1143 1168 1281 1267 pariter
1303 1166 1338 1243 de
1361 1166 1520 1243 honesta

418 1337 422 1350 ·
484 1306 628 1371 mature
662 1286 927 1387 perpendentes
962 1288 1001 1365 in
1037 1286 1180 1385 scriptis
1214 1294 1286 1374 (ne
1319 1283 1523 1389 quisquam

487 1400 658 1497 deinceps
680 1397 795 1475 dehis
812 1399 974 1478 haefitare
989 1400 1118 1501 possit)
1140 1400 1366 1500 redigentes,
1393 1399 1435 1475 dr
1448 1398 1539 1477 fin-'

485 1512 579 1615 gulis
596 1511 787 1605 ordinem,
812 1510 885 1591 fine
905 1538 977 1612 quo
1001 1517 1100 1593 nulia
1120 1536 1178 1589 res
1198 1512 1368 1613 publica,
1397 1536 1522 1611 quan·

484 1624 623 1707 tumvis'
636 1646 779 1727 magna*
797 1622 859 1703 diu
885 1626 1012 1729 vigere
1043 1629 1180 1727 potest,
1217 1627 1304 1703 dare
1324 1626 1540 1725 cupientes

452 1787 454 1797 ,
485 1750 603 1817 certas
636 1734 789 1831 desuper
814 1736 1057 1817 ordinationes
1090 1736 1280 1814 &statuta
1308 1734 1520 1837 subscripta

482 1844 637 1929 fecimus
656 1848 692 1927 de
715 1848 905 1931 edidimus.
1205 1840 1208 1844 ’

376 2044 385 2107 ¹'
480 2089 612 2199 »Qualis
641 2090 703 2191 effe
733 2091 909 2193 debaotsc
935 2094 985 2171 ad
1014 2087 1233 2194 pofflffloocm
1262 2091 1517 2196 praepofimrae,

530 2206 752 2310 Decaoatus,
787 2213 1034 2307 canonicatus,
1060 2214 1096 2291 ds
1120 2210 1303 2313 prebenda
1326 2213 1364 2289 io
1385 2214 1467 2289 Ec-

621 2330 715 2431 clefia
740 2329 853 2428 nostra
881 2331 1057 2432 respodioc
1080 2331 1219 2411 admeti
1245 2347 1368 2435 peteres.

420 2498 423 2505 ’
554 2493 764 2598 Dignitates
782 2496 987 2601 &honores
1007 2496 1046 2575 in
1065 2494 1255 2593 republica
1274 2494 1440 2598 saejculari
1466 2520 1516 2575 ex

482 2609 581 2687 coitu
600 2613 766 2689 damnato
782 2615 1006 2711 procreatis,
1028 2627 1092 2699 aut
1112 2608 1201 2712 jugo
1223 2610 1402 2688 servitutis
1422 2611 1517 2689 sub·

455 2750 460 2759 ·
482 2722 564 2800 ditis
583 2725 809 2824 denegantur
829 2729 944 2803 multo
970 2726 1088 2827 magis
1113 2725 1151 2802 id
1170 2724 1208 2803 in
1231 2723 1510 2814 Ecclesia-Dei,

479 2837 547 2913 ubi
564 2834 680 2935 major
699 2839 822 2937 Decor
840 2839 1080 2937 requirendus
1100 2838 1172 2936 est,
1208 2839 1392 2917 observari
1417 2865 1511 2918 con-

480 2948 602 3046 venit,
635 2952 732 3051 quod
764 2952 796 3028 d
830 2952 1107 3053 praedecessores
1136 2953 1246 3032 nostri
1279 2956 1511 3034 attendentes

479 3064 633 3165 desuper
656 3069 835 3165 quoddam
861 3068 1031 3147 statutum
1052 3068 1242 3151 ediderunt
1265 3090 1332 3165 per
1364 3068 1509 3170 [ηιμ

478 3184 609 3259 sianum
636 3186 733 3261 tituli
758 3184 899 3265 Sancte
925 3187 1060 3273 Sabina
1083 3189 1312 3265 cardinalem
1338 3191 1506 3295 praesby·

482 3310 602 3374 terum
621 3294 657 3373 in
678 3296 874 3379 Germania
893 3300 1071 3403 Legatum
1091 3300 1135 3374 de
1148 3300 1261 3376 latere
1274 3315 1382 3397 atque
1397 3325 1434 3399 p.
1452 3329 1504 3381 m.

478 3420 528 3497 D.
565 3415 802 3493 Theodericum
828 3420 958 3499 'Archi
973 3466 989 3482 -
1007 3419 1226 3521 Episcopum
1253 3420 1507 3502 Coloniensem

480 3530 716 3613 ordinarium
743 3528 815 3607 loci
832 3530 1017 3630 ordinaria
1036 3532 1272 3611 Authoritate
1297 3557 1341 3609 ac
1362 3537 1505 3632 postre·
1536 3526 1539 3529 ⁴

477 3674 538 3728 mo
551 3640 819 3725 Sacrosanctam
843 3644 1019 3749 synodum
1043 3644 1275 3727 Batiieensem
1306 3648 1502 3729 confirma-

477 3775 556 3838 tum
575 3756 610 3837 dc
632 3756 876 3859 approbatum
897 3758 953 3837 his
978 3757 1105 3837 nostris
1126 3759 1263 3838 statutis
1293 3760 1327 3837 da
1355 3760 1500 3838 ordina-

475 3879 634 3958 tionibus
657 3874 769 3953 inseri
791 3875 960 3959 fecimus.
993 3883 1176 3984 ¹Quorum
1204 3881 1367 3962 omnium
1387 3896 1498 3960 tenor

474 3990 647 4100 &pruno
665 3990 786 4073 statuti
800 3992 962 4095 sequitur
977 3994 1013 4074 dr
1030 3994 1188 4075 esttalis.

1377 4293 1455 4376 Nos
