3542 5092
449 521 1079 655 ''ooo-4&

490 703 652 848 memrijs
667 702 856 828 abusibus,
881 708 965 807 qui,
988 722 1031 790 ut
1049 683 1253 785 communis
1268 703 1381 782 habet
1397 703 1505 787 asser

482 829 562 921 eso,
581 823 736 903 nimium
750 841 1006 924 excreverunt,
1022 847 1119 926 pene
1132 819 1332 902 formidine
1345 843 1535 930 perpet-3

487 938 558 1020 stus
579 935 863 1039 compescantur

741 1071 837 1146 Ex
862 1066 1003 1146 Concilio
1032 1061 1218 1167 Wennenfi.

419 1169 423 1179 ’
510 1239 516 1250 ·
561 1181 781 1265 Statuitur
767 1207 807 1261 111
841 1183 982 1260 (bacilia
1018 1181 1064 1260 V
1064 1182 1194 1284 euneos
1180 1179 1321 1278 equod
1352 1175 1505 1258 Domini

487 1300 727 1399 temporales,
753 1293 817 1394 qui
839 1312 976 1398 cogunt
997 1294 1164 1392 aliquos
1153 1318 1190 1372 m
1206 1296 1287 1370 loco
1309 1291 1507 1370 interdilbo

426 1395 430 1409 ⁵
490 1417 676 1496 celebrate
702 1409 849 1510 divina,
894 1412 954 1489 vel
978 1411 1041 1511 qui
1067 1433 1136 1511 per
1159 1431 1337 1512 precones
1367 1407 1508 1486 faciunt

486 1548 574 1610 tunc
591 1530 638 1602 ad
657 1527 718 1604 illa
737 1525 917 1604 audienda
937 1527 1113 1626 populum
1142 1522 1309 1620 evocari,
1338 1524 1400 1600 vel
1420 1547 1508 1620 pro·

487 1643 618 1726 hibent
640 1660 687 1714 ne
711 1636 859 1736 publice
888 1635 1192 1715 excommunicati
1224 1636 1284 1710 vel
1318 1633 1510 1712 interdisti

411 1760 416 1768 ’
485 1762 596 1860 super
612 1759 682 1836 boc
700 1758 802 1855 illos,
827 1781 892 1858 qur
878 1755 1025 1836 missas
1052 1758 1258 1854 celebrant,
1291 1757 1424 1836 moniti
1444 1757 1537 1857 qui

363 1943 386 1964 ,,
490 1890 738 1965 romermunt,
761 1870 1067 1951 excommunicati
1080 1873 1160 1952 sunt
1176 1893 1243 1992 per
1258 1871 1381 1951 sedem
1400 1873 1509 1975 Apo·

485 1991 648 2071 stolicam
662 1973 871 2068 absolvendi
891 1985 958 2066 1111

738 2126 802 2203 Ex
827 2122 968 2202 (bacilia
992 2126 1255 2224 Moguutineuli.

509 2252 517 2265 ⁸
563 2237 741 2317 Statuitur
764 2239 861 2337 quod
884 2240 970 2340 quia
988 2241 1026 2318 in
1047 2238 1258 2342 penitencijs
1276 2234 1511 2341 injungendis

488 2357 636 2456 quidam
661 2354 758 2434 casus
780 2357 996 2456 frequenter
1018 2377 1231 2460 emergunt,
1269 2357 1331 2456 qui
1353 2373 1511 2457 propter

489 2469 716 2548 sacerdotum
733 2467 983 2568 ignorantiam
1003 2470 1169 2569 expediri
1191 2495 1263 2548 non
1280 2467 1447 2567 possunt,
1475 2468 1511 2545 st

489 2585 553 2684 qui
570 2584 686 2661 eciam
705 2585 1008 2684 dispensationem
1025 2586 1274 2686 Episcopalem
1291 2584 1512 2684 requirunt,

490 2699 529 2778 sn
552 2696 623 2773 illis
647 2697 784 2775 cafibus
807 2699 853 2774 all
875 2698 1076 2777 Dominum
1099 2699 1317 2798 Episcopum
1344 2699 1405 2774 vel
1427 2699 1511 2775 suos

419 2872 423 2884 .
488 2808 769 2922 penitenciarios
787 2809 965 2888 habeatur
987 2813 1150 2889 recursus
1170 2812 1243 2898 five
1270 2811 1403 2892 occulti
1427 2811 1514 2892 fue·

395 2961 406 2984 1
487 2926 565 3006 rint
579 2917 653 3033 'five
671 2928 787 3006 eciam
804 2929 998 3007 manifesti.
1020 2929 1185 3008 statuitur
1201 2930 1316 3008 eciam
1334 2931 1434 3028 quod
1455 2930 1512 3008 sa·
1538 2885 1540 3024 Ι

423 3134 425 3137 ,
460 3136 462 3140 ,
489 3045 661 3120 cerdotes·
675 3044 713 3122 in
726 3039 1044 3124 satisfaccionibus·
1057 3045 1285 3150 injungendis
1302 3036 1341 3122 in
1358 3045 1512 3142 religio-

426 3249 433 3277 .
492 3179 539 3236 ne
558 3161 600 3251 *)
620 3159 785 3257 sedeant,
810 3163 947 3263 majora
968 3160 1235 3262 penitenciarijs
1252 3161 1426 3261 Episcopi
1449 3181 1512 3236 re·

488 3267 633 3349 servent
666 3285 790 3368 utpote
824 3273 1041 3374 homicidia,
1075 3265 1283 3378 sacrilegia,
1316 3273 1529 3370 incendit,¹

359 3454 361 3458 .
471 3397 641 3486 peccata
657 3402 782 3463 eontra
803 3404 995 3486 naturam,
1020 3389 1252 3470 concubitum
1271 3387 1514 3489 personarum

398 3559 404 3572 .
490 3500 781 3578 conventualium
805 3501 974 3581 infueris
998 3503 1186 3584 ordinibus
1214 3504 1513 3599 constituturum,

489 3617 644 3694 incestus
663 3617 833 3696 videlicet
848 3613 932 3697 cum
950 3620 1213 3722 consanguinea
1232 3623 1289 3699 vel
1315 3619 1424 3697 affine
1451 3619 1513 3696 vel

351 3791 360 3808 ,
491 3754 575 3808 cum
600 3751 642 3808 ea
669 3757 740 3832 que
764 3752 892 3814 votum
919 3735 1086 3816 eastitatis
1118 3737 1255 3835 ernist,
1291 3731 1513 3838 injecciones

473 3871 664 3965 ,manuum
695 3851 734 3929 in
770 3869 967 3952 parentes,
1006 3854 1243 3952 oppressiones
1274 3853 1514 3954 parvulorum

493 3985 561 4066 per
576 3962 821 4066 negligencias
840 3983 1033 4068 parentum
1055 3967 1094 4046 in
1114 3967 1199 4070 igne
1217 3971 1275 4046 ves
1300 3988 1394 4066 aqua
1406 3983 1512 4044 natos

490 4077 758 4176 amittendum,
777 4080 978 4178 veneficia,
998 4078 1157 4188 perjuria
1170 4077 1400 4184 sollempnia,
1427 4077 1515 4158 fidei

282 4232 286 4239 ’
410 4263 415 4272 ’
537 4290 580 4382 1)
606 4269 845 4398 superfluum
868 4289 990 4369 aaut.
1362 4193 1465 4276 frac-
