3542 5092
518 500 593 587 2'02
898 489 1073 644 Η

474 666 672 754 stitutionis
695 661 917 747 beneficietn
942 615 1206 770 consequatur
1203 668 1275 750 sed
1290 689 1359 772 pro
1381 682 1501 753 teme·

473 788 572 870 rana
590 786 749 864 membri
763 785 991 866 mutilatione
1011 787 1307 868 omn1benefieio
1331 789 1525 906 codena-³

473 905 562 986 stieo
579 902 623 983 fit
636 899 741 1002 ipso
725 921 809 1000 jure
822 901 999 1000 privatus.
1033 906 1132 1006 Que
1154 901 1275 980 omnia
1301 855 1525 1006 &fingula

473 1019 574 1098 eirca
589 1016 679 1094 alios
696 1012 848 1091 clericos
864 1014 1121 1110 beneficiatos,
1145 1015 1172 1094 fi
1187 1017 1357 1115 personas
1378 1019 1501 1094 eccle·

469 1133 625 1236 fiasticas
653 1125 828 1232 predidiis
855 1129 972 1218 modis
1008 1130 1130 1209 ledant
1159 1129 1227 1210 seu
1250 1133 1421 1210 ledantur
1454 1132 1501 1208 ab

315 1237 322 1262 '
472 1227 582 1346 ipsrs,
614 1243 720 1342 juxta
752 1237 960 1370 premillam
988 1239 1148 1318 formam
1173 1239 1209 1315 dc
1234 1239 1403 1320 ordinem
1433 1242 1501 1321 sub

362 1401 366 1416 ·
470 1359 577 1505 penis
604 1356 740 1434 eisdem
754 1353 961 1453 precipitur·
977 1352 1250 1434 observaridcc

548 1471 605 1550 De
633 1469 831 1571 pertinenciis
864 1469 902 1546 Β
931 1465 1183 1616 remiffionibus.
1240 1472 1299 1548 Ex
1330 1469 1502 1554 Concilio

468 1577 678 1672 triennem
874 1617 880 1626 ⁸
1526 1622 1527 1694 q

545 1707 640 1782 Cum
660 1701 858 1782 secundum
878 1697 1060 1778 statutam
1086 1699 1227 1777 comitio
1254 1697 1434 1800 Venatus
1454 1704 1527 1781 de

395 1923 397 1934 Ι
465 1820 720 1932 peniteauis&
743 1815 983 1918 remissionibus
1013 1845 1038 1895 c.
1066 1841 1101 1896 2.
1128 1820 1257 1898 ultimo
1283 1824 1500 1922 deputandis

468 1940 647 2045 supplicio
664 1938 794 2042 negari
813 1937 840 2016 fi
858 1955 1005 2037 petant,
1039 1960 1114 2018 non
1139 1940 1267 2020 debeat
1287 1943 1500 2039 penitencie
1526 2027 1527 2032 q

369 2086 372 2102 ·
467 2064 755 2158 sacramentum,
789 2056 918 2158 abusus
945 2059 1184 2160 dampnabilis
1214 2060 1251 2140 in
1277 2063 1498 2161 quibusdam
1527 2080 1528 2124 ι

469 2179 637 2286 partibus
654 2191 782 2284 contra
797 2176 869 2253 hoc
885 2175 1076 2270 indamus,
1096 2199 1165 2276 per
1179 2175 1383 2254 Viennense
1396 2178 1499 2256 Con-

456 2296 596 2380 cilium
623 2292 793 2368 aboletur
823 2287 973 2368 omnino
999 2288 1262 2388 &precipitur
1289 2289 1498 2394 justiciarijs

430 2475 435 2492 .
469 2410 639 2491 omnibus
671 2405 902 2484 &Dominis
928 2405 1212 2506 temporalibus,
1245 2420 1284 2482 ut
1304 2405 1349 2480 ab
1370 2403 1498 2507 hujus-

344 2611 364 2621 ,,
467 2526 570 2612 modi
590 2522 752 2602 destilant
771 2521 906 2617 abusu,
931 2545 1016 2624 ymo
1031 2515 1207 2600 locorum'
1229 2518 1420 2624 ordinariis
1438 2524 1499 2604 in·
1528 2541 1529 2616 l

443 2636 666 2750 'jungitum
692 2654 733 2715 ut
758 2661 818 2716 eos
849 2636 1016 2732 adhoc,
1044 2661 1126 2716 cum
1155 2629 1315 2734 primum
1343 2645 1499 2722 comode

308 2783 313 2792 ,
468 2759 655 2864 potuerit
679 2755 875 2860 diligenter
889 2778 1060 2851 monere,
1086 2755 1121 2832 dc
1146 2754 1173 2832 fr
1201 2753 1338 2833 necesse
1358 2757 1498 2867 fuerit,

384 2938 389 2946 .
469 2873 707 2962 eccleliastica
725 2866 875 2953 censura
894 2875 1114 2984 compellere
1132 2894 1207 2952 non
1223 2873 1430 2957 obmittant

449 3119 453 3137 ·
540 3093 750 3212 nummo
778 3007 1110 3221 mooffifi‘Zdoeizm
1126 3119 1287 3225 tytulo
1266 3145 1292 3196 c
1309 3082 1497 3225 morona.

460 3241 543 3328 teu.
574 3234 826 3320 distriilillime
854 3238 1093 3341 prohibetur,
1132 3261 1180 3317 ne
1216 3241 1357 3322 elemos
1348 3265 1496 3324 narum

468 3349 649 3458 questores
668 3349 804 3450 aliqui,
851 3349 918 3447 nili
946 3350 1173 3449 Apostolieas
1201 3358 1260 3434 vel
1289 3351 1496 3456 Dyocesani

337 3490 341 3498 ’
422 3523 426 3531 .
467 3463 638 3568 Episcopi
653 3463 775 3542 literas
791 3439 1049 3561 exhibuerint,
1074 3469 1345 3562 quomodolibet
1360 3467 1495 3544 admit·

336 3573 357 3608 ·'
410 3593 417 3602 ‘
450 3586 612 3678 ‚tantum
638 3604 708 3658 nec
725 3580 1010 3681 permittantur,
1039 3602 1121 3657 eum
1144 3582 1257 3677 solum
1282 3581 1365 3684 ipsis
1393 3602 1495 3658 com·

457 3713 585 3806 petat,
611 3697 943 3800 fibiindulgeneias
961 3695 1135 3776 concedas
1157 3699 1337 3779 infinuare
1354 3698 1493 3797 populo

437 3858 441 3866 ,
469 3813 507 3893 di
532 3808 721 3895 caritativa
739 3816 922 3916 postulare
945 3809 1099 3890 subfidia
1122 3813 1333 3914 suppliciter
1357 3812 1404 3890 ab
1430 3836 1497 3888 eo-

466 3927 571 4021 dem,
596 3927 797 4002 nullatenus
822 3926 889 4026 ipfi
914 3923 1049 4054 populo
1085 3925 1276 4026 predicare
1299 3948 1366 4006 nec
1393 3921 1494 4002 aliud

328 4056 334 4081 ¹
465 4061 673 4151 exponere,
698 4061 807 4137 quam
832 4035 968 4138 quod
957 4061 994 4114 m
1025 4034 1144 4118 literis
1162 4037 1410 4116 continebitur
1433 4035 1492 4114 su

465 4146 667 4259 pradiilis
698 4140 860 4230 Litteras
879 4171 1023 4264 quoque
1042 4149 1271 4254 Apostolicas
1288 4150 1324 4231 dc
1342 4149 1491 4344 Dsyoce-

1263 4301 1265 4310 ·
1383 4284 1445 4341 atri
