3542 5092
537 510 642 652 {u
738 541 743 550 ’
917 507 1090 642 ouo
1298 671 1304 678 ¹

349 827 356 848 ,
485 680 616 818 iorum
632 697 812 838 custodire
831 693 1031 816 &salvae
1046 734 1174 836 utique
1194 731 1294 814 bona
1308 732 1383 816 fide
1402 728 1511 818 &sud

483 839 807 930 adndniihacionis
825 849 1013 928 racionem
1031 852 1190 929 reddere
1210 863 1381 974 tempore
1403 871 1507 948 opor·

482 981 574 1051 tuno
592 984 676 1052 cum
694 960 844 1064 integra
859 957 1087 1041 residuorum
1113 956 1366 1063 resignacione
1396 980 1442 1034 ac
1467 959 1537 1072 nili

466 1073 642 1175 alienare
667 1075 733 1150 de
740 1072 847 1151 bunis
867 1067 1030 1206 ipsorum
1051 1072 1237 1152 missorum
1261 1066 1331 1170 hijs
1356 1071 1511 1148 maxime
1536 1043 1537 1138 i

483 1215 554 1295 que
561 1191 756 1270 seruando
776 1187 942 1300 poterint
963 1185 1170 1267 conservari
1196 1185 1333 1284 absque
1356 1179 1513 1262 ausimo
1536 1139 1537 1230 i

384 1302 389 1310 ’
481 1317 556 1384 tate
578 1300 711 1405 judicis
736 1299 774 1378 tiz
802 1293 964 1381 demeto.
1014 1299 1193 1381 Volumus
1216 1298 1332 1378 eciam
1351 1321 1397 1374 ac
1417 1299 1513 1376 ordi·

483 1422 612 1535 damus
627 1413 857 1527 presentibus
879 1412 1095 1548 statuentes,
1130 1413 1227 1512 quod
1250 1407 1392 1518 prefati
1420 1423 1514 1490 tuto·

481 1525 541 1616 res
574 1533 820 1622 &curatores
845 1528 1103 1626 copiamditti
1129 1522 1323 1626 inventarij
1353 1527 1513 1606 totaliter

480 1649 525 1747 ac
546 1647 703 1747 fideliter
716 1642 990 1755 transscriptam
1011 1635 1198 1724 ordinario
1223 1643 1343 1719 eidem
1363 1643 1511 1742 Episco-

480 1794 537 1882 po
550 1783 612 1845 aut
628 1765 692 1845 suo
711 1749 857 1845 officiali
870 1784 942 1863 pro
959 1775 1129 1863 tempore
1150 1757 1317 1838 existenti
1336 1781 1408 1858 per
1420 1759 1512 1860 ipsos
1536 1729 1538 1876 Ι

481 1861 786 2012 cpnseruandam,
815 1889 857 1952 ut
882 1888 1051 1976 tempore
1077 1873 1197 1952 exitus
1224 1869 1510 1949 adminishacio·

472 1980 538 2075 'riis
552 1995 615 2073 sue
640 1989 796 2071 discerni
824 1990 944 2068 valeat
968 1991 1159 2069 evidenter
1172 2005 1256 2066 ante
1272 1973 1334 2066 sue
1356 1988 1509 2067 admini-

400 2111 403 2118 ’
481 2107 665 2209 strationis
681 2105 952 2188 inchoationem
971 2111 1092 2202 medat
1106 2107 1253 2210 publice
1275 2105 1311 2184 dc
1336 2105 1539 2208 assignet,

481 2201 654 2330 premissi
673 2241 797 2305 autem
816 2222 857 2302 in
875 2225 999 2306 tutelis
1022 2225 1059 2306 dc
1085 2226 1183 2305 curis
1210 2223 1399 2326 ipsorum
1393 2227 1511 2304 mino·

482 2373 592 2447 rum,
625 2369 781 2446 quorum
803 2343 1005 2424 substancia
1031 2364 1179 2444 centum
1204 2347 1317 2426 libras
1345 2343 1512 2424 hallens:

485 2462 725 2556 transscendit
749 2454 917 2560 volumus
956 2461 992 2542 dc
1017 2455 1205 2542 statuimus
1229 2479 1452 2565 permanere
1477 2455 1539 2538 dc

486 2572 748 2658 inviolabiliter
775 2553 982 2677 observari,
1013 2575 1152 2670 fivero
1172 2563 1372 2691 substancia
1391 2573 1430 2652 dr
1455 2575 1510 2654 fa-

488 2681 639 2772 cultates
659 2712 789 2770 eorum
816 2687 895 2765 ad
888 2685 1034 2768 centuni
1053 2691 1166 2770 libras
1182 2664 1348 2770 hailans:
1382 2689 1513 2771 senon

375 2913 380 2920 .
485 2808 705 2908 extendant,
738 2807 826 2895 tunc
860 2828 904 2881 ea
931 2828 1002 2904 que
1029 2802 1213 2908 premissa
1221 2793 1333 2939 sunt,
1364 2827 1438 2906 que
1467 2803 1540 2888 ad

481 2922 682 3027 juramenti
728 2919 1021 3040 predacionem,
1072 2917 1265 3024 inventarii
1312 2919 1512 3022 conscripti

482 3037 762 3143 affignacionem
795 3057 922 3132 coram
928 3031 1166 3158 magistratu
1172 3035 1424 3158 municipali,
1449 3061 1512 3116 co-

480 3166 581 3260 ram
586 3146 713 3259 Judice
735 3143 903 3224 seculari
882 3113 1179 3282 'presidente
1149 3145 1407 3245 1nloco,ubi
1436 3141 1540 3252 ipse'

458 3346 462 3358 ¹
485 3239 655 3373 impubes
676 3259 737 3343 uel
752 3233 890 3358 pubes
882 3274 1005 3342 mmo'r
1024 3267 1212 3362 moratur,
1241 3257 1332 3338 ficut
1347 3261 1512 3364 ipsorum

473 3364 674 3475 ,facultates
691 3370 869 3504 existunt,
883 3369 1071 3476 statuimus
1083 3373 1167 3458 fore
1181 3376 1375 3458 efficaciter
1389 3380 1512 3458 adim·

472 3491 641 3621 pseudo.
659 3483 788 3589 fiquis'
803 3483 925 3618 igitur
934 3463 1139 3590 hujusmodi
1158 3491 1282 3572 statuti
1308 3479 1512 3600 transgres-

483 3611 543 3691 sor
568 3600 733 3683 extiterit
753 3593 993 3730 temerarius,
1012 3599 1160 3705 ipsum,
1197 3599 1263 3686 nisi
1285 3603 1386 3686 infra
1405 3630 1510 3686 mem

483 3709 559 3802 sem
577 3716 636 3794 ab
644 3709 707 3816 bu
708 3699 862 3794 usmod1
872 3713 1160 3817 transgresionis
1183 3730 1353 3822 'tempore
1378 3743 1510 3802 nume·

397 3849 401 3866 ¹
483 3823 662 3946 ιιιιιιιιιι,
687 3739 901 3928 resipuerit,
926 3828 966 3904 id
985 3825 1121 3910 scilicet
1139 3837 1266 3933 quod·
1254 3859 1293 3914 m
1313 3837 1384 3915 hoc
1399 3855 1511 3915 carro

474 3936 530 4024 ‘ne
554 3943 618 4027 seu
638 3945 770 4024 statuto
795 3942 1022 4078 continetur,
1059 3943 1302 4032 effediualiter
1322 3969 1509 4052 exequen-

486 4064 595 4155 dum,
634 4045 1025 4161 excommunicacionis
1065 4062 1287 4164 sententiam
1318 4089 1427 4170 quam
1462 4085 1508 4144 err

360 4241 370 4286 ·.
440 4285 442 4288 y
486 4171 855 4284 ouncbuhujuamodi
868 4176 1408 4389 transgresbreuserunusper
1420 4205 1513 4286 pre

1354 4321 1460 4387 entes

764 4412 771 4448 )
