3542 5092
698 511 872 621 θεὲ-θ
1150 477 1387 620 aar

261 723 365 805 tium
397 689 626 817 inoprilltores
654 713 817 792 heretice
844 703 1058 812 pravitatis,
1090 687 1136 782 in'
1161 701 1293 802 quibus

262 836 453 921 Bcchardi
495 833 532 914 dr
573 829 713 934 Begioc
753 826 959 927 hujusmodi
998 833 1295 909 commorantur,
1404 783 1467 906 ,s

260 953 378 1034 suum
399 951 559 1032 officium
574 951 674 1030 circa
698 973 759 1028 cos
780 948 973 1048 diligenter
994 953 1208 1032 exerceant,
1234 933 1293 1011 in·

266 1073 460 1172 quirentes
482 1073 529 1148 de
552 1065 683 1145 vitadc
705 1061 981 1142 conversacione
1001 1081 1150 1151 corum,
1176 1045 1295 1148 quali·

263 1198 377 1264 terve
404 1182 563 1262 sencIant
586 1184 632 1260 de
653 1178 813 1258 articulis
827 1166 829 1170 ’
843 1173 930 1252 fidei
951 1169 988 1250 dc
1009 1161 1295 1249 ccclestelircra·
1403 1183 1409 1195 ·

264 1303 418 1400 mentis.
475 1305 517 1380 In
539 1303 618 1380 illos
646 1323 761 1397 vero,
797 1307 888 1396 'quos
921 1291 1118 1392 culpabiles
1142 1299 1295 1382 repere·
1329 1342 1337 1356 ,

266 1418 371 1515 rint,
397 1413 465 1492 nisr
481 1410 652 1516 abluentis
675 1414 804 1514 sponte
820 1408 996 1515 premens
1018 1400 1202 1482 erroribus
1225 1410 1294 1490 pe·
1388 1420 1392 1428 ·
1424 1409 1426 1414 ’
1544 1483 1545 1504 Ν

266 1535 451 1650 nituerint
470 1522 1059 1649 dsafflmccioncm*cxhibuerint
1079 1525 1294 1613 competen·
1359 1521 1362 1526 ’

268 1659 373 1738 tem,
401 1649 550 1752 dignam
570 1664 764 1744 exerceant
784 1643 978 1752 ulcionem.
1195 1647 1197 1652 ·

347 1770 407 1847 Dc
429 1768 637 1869 raptoribus.
681 1772 744 1865 ‚Ex
775 1757 905 1843 statuto
935 1751 1091 1882 Domini
1121 1736 1296 1824 Gerbardi
1479 1690 1483 1712 Ι

268 1880 604 1990 Archi-Episcopi
625 1885 850 1987 moguntini.
939 1916 945 1924 ¹

347 2004 524 2082 Statuitur
550 2005 586 2082 dc
608 2004 812 2106 precipitur
838 1998 903 2080 sub
928 1982 1026 2098 pena
1043 1973 1297 2068 excommuni·

270 2118 456 2218 cationis,
483 2141 592 2218 quam
613 2108 891 2220 transgressores
911 2112 1121 2199 incurrant,
1155 2111 1299 2185 utnon
1334 2183 1337 2188 ,

270 2235 390 2315 solum
407 2232 447 2311 in
470 2232 636 2311 terminis
659 2229 755 2306 illius
779 2225 1146 2329 Archidiaconatus',
1160 2208 1200 2284 in
1223 2227 1298 2304 quo

270 2350 456 2454 prelatum
470 2348 530 2422 vel
543 2343 753 2448 religiosum
769 2339 929 2438 aliquem
952 2335 1012 2412 stu
1037 2325 1210 2406 clericum
1229 2320 1298 2396 ba·
1384 2373 1395 2400 t

270 2462 422 2540 bentem
443 2459 562 2538 sacros
580 2446 728 2536 ordines
742 2453 779 2532 dc
791 2475 862 2554 pro
883 2447 1017 2528 clerico
1033 2442 1068 2522 se
1086 2443 1299 2541 gerentem,
1355 2515 1357 2528 p

274 2577 417 2655 temere
440 2564 642 2679 captivari,
667 2574 728 2652 sed
743 2573 780 2648 dr
799 2563 1025 2648 interminio
1047 2558 1142 2636 illius
1159 2547 1309 2676 Archi-f
1408 2556 1452 2668 '‚

277 2692 455 2796 dyaconi,
478 2691 518 2769 in
533 2713 605 2789 quo
620 2682 830 2788 quempiam
849 2681 977 2760 talium
997 2668 1152 2752 detineri
1169 2661 1302 2742 consti-

270 2808 383 2912 terit,
416 2806 493 2906 ipso
521 2802 622 2888 fatto
646 2799 796 2878 cellctur
819 2797 866 2874 ab
902 2789 1025 2890 officijs
1054 2782 1301 2877 Divinarum,
1379 2791 1381 2796 ’

275 2922 481 3025 specialiter
503 2934 625 3003 autem
647 2917 686 2994 in
701 2913 869 2993 omnibus
890 2907 979 3014 locis
997 2901 1088 3016 illis,
1102 2897 1152 2974 in
1168 2890 1300 3000 quibus

274 3043 518 3145 captivatores
535 3026 575 3117 dc
590 3058 719 3117 eorum
737 3030 931 3134 complices
949 3012 1191 3104 infmalciicio
1215 3006 1300 3110 ipsrs

273 3159 464 3241 confilium
488 3156 666 3247 auxilium
691 3153 750 3229 vel
773 3147 945 3251 juvamen
963 3140 1160 3244 prestantes
1183 3125 1300 3207 domi-

274 3277 401 3360 cilium
421 3270 590 3353 obtinent
618 3266 749 3347 dcsrve
772 3268 817 3342 de
839 3259 938 3340 fatto
964 3256 1038 3336 five
1064 3253 1109 3328 de
1134 3246 1217 3349 jure
1235 3240 1300 3344 'ju-

273 3396 532 3480 risdiccioncm
554 3380 726 3490 exercent
757 3410 801 3464 ac
828 3382 892 3464 ubi
917 3380 1054 3478 habent
1085 3385 1300 3469 receptacu-
1352 3369 1384 3426 *a
1421 3441 1426 3452 ,
1475 3459 1478 3468 Δ

274 3516 376 3609 lum,
403 3510 566 3592 servetur
587 3501 840 3583 distridliffime
856 3490 1131 3584 ecclesiasticum
1145 3477 1300 3559 interdi-

273 3620 401 3720 ftnm,
426 3625 479 3702 ita
494 3619 688 3716 videlicet,
712 3610 811 3717 quod
826 3609 984 3710 corpora
1006 3593 1232 3683 mortuorum
1252 3593 1301 3676 ad
1388 3655 1402 3675 ,
1487 3571 1491 3594 ’

278 3741 554 3820 ecclesiasticam
575 3738 796 3837 sepulturam
818 3733 1020 3841 nullatcnus
1038 3717 1301 3810 admittantur,
1325 3729 1330 3740 ·

274 3857 365 3956 quin
387 3879 473 3960 ymo
496 3855 532 3934 sr'
545 3875 613 3955 per
636 3847 853 3928 violenciam
878 3832 1055 3946 laycalem
1083 3835 1123 3912 in
1146 3821 1300 3923 ecclesis

275 3976 337 4051 vel
355 3966 542 4070 cimiterijs
556 3965 696 4046 fuerint
709 3963 906 4054 tumulata,
943 3954 997 4036 ibi
1023 3975 1097 4030 non
1115 3947 1303 4040 relaxetur
1415 3965 1423 3984 ·
1544 4027 1545 4036 Ν

275 4075 398 4189 aliquo
416 4089 525 4166 modo
542 4073 726 4164 sentencia
740 4073 949 4172 interdicti,
973 4066 1040 4150 nili
1057 4066 1157 4169 prius
1173 4054 1299 4156 ejedlis
1375 4124 1397 4144 ,,
1449 4067 1452 4072 ·
1476 4097 1478 4100 -

276 4201 494 4308 corporibus
509 4198 580 4280 illis
594 4195 644 4276 sic
664 4215 732 4304 per
750 4191 925 4294 laycalem
941 4180 1155 4266 violenciam
1177 4189 1303 4250 tumu-

800 4307 931 4429 To
1016 4385 1023 4392 .
1098 4285 1337 4400 nou
1513 4385 1517 4400 .
