3542 5092
594 463 998 646 Η
1164 556 1238 640 eoo

265 709 316 786 ab
333 701 492 805 eisdem,
517 728 567 787 ne
582 707 666 811 iplis
687 713 836 794 bladum
853 712 1015 814 molant,
1040 734 1198 816 coquant
1220 745 1289 822 pa.

265 850 357 906 nem
383 843 448 906 out
473 826 545 905 alla
571 830 742 930 obsequia
768 831 940 910 exhibere
965 831 1194 936 presumant,
1219 841 1289 919 ali.
1348 857 1353 865 ’
1421 923 1425 938 Ι

266 941 417 1036 quande
442 938 686 1039 interdicunt,
723 945 812 1022 dum
836 940 982 1020 tulitin
1008 939 1290 1047 derogationem
1489 945 1491 954 ’

266 1055 450 1134 libertatis
478 1058 712 1164 ecclesiastice
738 1059 1015 1162 presumuntur,
1049 1082 1093 1139 eo
1118 1063 1195 1164 ipso
1220 1093 1287 1152 ex.
1423 1129 1426 1136 .

268 1172 617 1260 communicacionis
630 1176 812 1272 sentencie
827 1169 1052 1256 decernimus
1066 1177 1259 1282 subjacere.
1396 1251 1402 1264 .

345 1287 404 1363 De
428 1287 643 1386 sponsalibus
670 1292 709 1371 id
737 1293 974 1400 maurimontis.
1031 1294 1091 1372 Ex
1121 1297 1290 1384 Concilio

266 1394 559 1499 Moguntinenli.
827 1476 831 1480 .
1425 1406 1427 1416 '

273 1509 296 1608 j
346 1511 547 1620 Statuitur,
573 1531 615 1593 ut
631 1516 905 1628 matrimonium
920 1541 1003 1598 cum
1022 1505 1293 1612 reverencia&

268 1623 413 1717 honore
431 1625 471 1702 in
496 1627 693 1727 conspedlu
718 1631 865 1710 ecclesie
890 1633 1115 1729 celebretur,
1147 1630 1217 1728 src,
1242 1653 1292 1718 ut

269 1765 359 1818 cum
383 1739 657 1829 matrimonium
676 1741 790 1820 fuerit
809 1737 1096 1848 contrahendum
1111 1743 1150 1822 in
1171 1747 1291 1824 eccle-

269 1855 328 1956 srjs'
351 1852 502 1952 publice
527 1875 597 1951 per
617 1855 861 1954 parochialem
893 1857 1149 1959 presbyterum
1173 1857 1294 1941 tribus

272 1973 403 2052 nebus
417 1971 622 2052 Dominicis
640 1973 677 2051 o
694 1974 830 2054 festivis
858 1975 942 2084 ose
962 1975 1178 2072 ,umoribus
1198 1980 1295 2078 puu-
1433 1961 1437 1976 '

270 2089 344 2166 lice
359 2107 609 2192 proponatur,
635 2109 675 2170 ut
688 2092 826 2192 siquod
841 2093 1146 2195 impedimentum
1162 2095 1293 2174 matri·

269 2203 384 2315 monij
399 2198 822 2286 contrahendi'noverint
837 2209 967 2308 aliqui,
998 2209 1088 2284 illud
1106 2205 1293 2284 instater·
1441 2303 1442 2311 Ν
1511 2301 1514 2308 .

270 2324 699 2423 minum-competentem
715 2322 762 2400 ab
781 2323 859 2422 ipso
874 2319 1090 2425 presbytero
1105 2323 1295 2422 prefigen·
1347 2325 1373 2345 “

272 2443 364 2516 dum
397 2436 436 2514 in
461 2435 558 2515 facie
590 2433 738 2542 ecclesie
771 2437 846 2516 sme
873 2415 1082 2516 difficultati
1111 2440 1289 2516 revelent.

272 2551 676 2632 Excommunicucionis
704 2551 848 2652 duoque
881 2551 1064 2631 sentencia
1085 2550 1125 2628 in
1151 2573 1294 2654 genere

273 2669 488 2772 proseratur
502 2669 541 2747 in
560 2661 684 2748 omnes
701 2668 905 2770 hujusmodi
928 2667 1217 2769 inpedimentum
1231 2690 1296 2746 ce-

272 2792 403 2866 lantes.
428 2784 554 2883 liquis
580 2802 703 2862 autem
731 2809 805 2864 non
823 2784 992 2887 premissa
1012 2782 1297 2864 denunciocionc

274 2894 494 2980 clandestina
509 2903 568 2978 vel
580 2900 776 3006 internicie
798 2901 970 3004 conjugia
989 2897 1083 2979 inire
1103 2899 1298 2999 presump·
1373 2890 1383 2916 '

276 3015 365 3095 serit
380 3017 494 3095 eciam
510 3017 744 3122 ignoranter,
768 3019 907 3098 soboles
924 3017 1046 3094 detali
1062 3011 1296 3114 conjunccio-

275 3155 326 3212 ne
352 3133 513 3232 susceptu
536 3133 728 3236 illegitInra
764 3135 815 3211 est
843 3133 1042 3227 censenda,
1078 3128 1298 3233 parochialis

275 3247 397 3329 eciam
417 3244 602 3345 sacerdos,
640 3245 667 3326 fi
689 3249 776 3325 tales
800 3243 1075 3359 conjuncciones
1096 3241 1298 3344 prohibere

276 3362 565 3462 contempserit,
596 3380 661 3441 aut
686 3362 841 3464 quilibet
859 3361 977 3438 eciam
1000 3359 1202 3460 regularis,
1232 3357 1300 3455 qui

278 3482 334 3558 eis
351 3479 609 3581 presumpserit
628 3476 818 3571 interese,
840 3476 1091 3578 pertriduum
1110 3471 1159 3567 ab
1175 3471 1300 3552 officio

278 3598 541 3696 suspendamur,
574 3595 707 3693 quibus
727 3581 876 3691 quidem
897 3588 1141 3670 sacerdotibus
1162 3585 1200 3662 in
1220 3585 1300 3720 virt
1405 3661 1409 3670 ,

277 3731 360 3792 tute
385 3712 506 3792 sancte
538 3711 755 3792 obediencie
782 3707 1002 3811 injungimus
1032 3703 1230 3782 districcius
1259 3699 1336 3783 ἰιιχ
1426 3713 1428 3718 ’

277 3830 350 3932 hijs
369 3829 531 3930 scriptis,
556 3846 598 3908 ut
624 3827 695 3905 hoc
719 3823 872 3907 salutare
891 3825 1061 3902 statutum
1076 3817 1299 3922 &penas‘in

279 3967 325 4022 eo
349 3937 527 4038 expressus
544 3939 583 4016 in
607 3938 769 4036 qualibet
790 3953 895 4038 parte
911 3933 997 4013 anni
1018 3933 1058 4010 in
1081 3931 1298 4010 umbonibus
1368 3949 1396 3997 ¹·

280 4053 516 4132 ecclefiarum
539 4054 683 4132 suarum
704 4053 846 4141 duobus
867 4052 994 4130 diebus
1024 4045 1227 4127 Dominicis
1251 4047 1300 4130 ud

280 4171 430 4272 plebem
450 4169 657 4270 publicent,
683 4189 730 4246 ne
757 4167 836 4270 quis
853 4174 922 4271 per
951 4159 1025 4267 ejus
1048 4160 1300 4268 ignoruntium
1434 4159 1465 4264 J

332 4287 429 4365 Noc.
445 4284 580 4391 Sudfid·
592 4283 753 4367 Parslr
927 4281 968 4368 Τ
1139 4295 1316 4362 extu·
