3542 5092
560 500 1077 698 ,eea

283 783 335 846 ιιι
361 759 576 846 denunciari
591 780 666 844 non
688 765 848 870 ligatus?
877 761 1047 843 stantem
1067 763 1106 846 In
1124 762 1196 849 istis
1220 747 1310 850 cali·

282 882 355 960 bus
372 881 552 960 abntueio
572 881 724 981 inpendi
741 881 880 982 petitur
900 881 947 956 ad
970 885 1147 961 cautelam
1169 877 1311 962 necesse

281 998 399 1075 hebet
420 999 612 1095 appellans
635 988 795 1106 probare
828 995 998 1098 primitus
1025 999 1310 1095 appellationem
1381 988 1384 996 ’

281 1108 386 1186 infra
401 1107 617 1186 decendium
632 1163 645 1207 ,
663 1110 826 1207 quamvis
840 1107 960 1186 adhuc
978 1109 1022 1184 de
1037 1110 1191 1190 veritate
1207 1111 1313 1192 cause

282 1247 362 1327 pon
378 1223 525 1299 constet
578 1225 671 1314 Item
688 1223 755 1324 qui
765 1239 1039 1323 conqueruntur
1055 1246 1177 1302 coram
1195 1225 1311 1325 Supe·
1381 1225 1383 1228 ’
1499 1235 1537 1260 ἰ

282 1329 387 1416 tiore
415 1338 809 1435 excommunicatoris,
852 1339 888 1418 se
921 1326 1406 1418 irrationabilium..

285 1448 550 1528 communicari
572 1455 631 1530 vel
661 1450 858 1534 interdicto
873 1425 1070 1552 supposstos
1095 1423 1317 1542 &offerunt'
1338 1531 1340 1536 .
1471 1543 1473 1550 J

286 1561 327 1642 se
343 1566 390 1641 ad
402 1560 649 1664 justiciamde
665 1559 755 1664 hijs,
789 1589 858 1667 pro
878 1565 1009 1665 quibus
1034 1565 1280 1646 sentenciam
1269 1593 1315 1649 ιιι,
1342 1637 1347 1646 .

283 1672 403 1779 ipsam
425 1697 669 1780 acceperunt,
695 1680 870 1782 Superior
884 1679 1050 1780 periculo
1076 1681 1313 1785 imminente,

287 1799 388 1898 quod
406 1798 446 1876 in
471 1800 856 1878 excommunicacione
881 1800 1053 1890 decedat.
1084 1802 1222 1901 poterit
1244 1807 1311 1882 ab·

286 1915 430 1994 solvere
441 1935 512 1990 non
531 1911 694 1993 obstante
708 1913 957 2014 appellacione
973 1913 1090 2008 illius,
1118 1915 1180 2014 qni
1193 1915 1313 2016 ipsum

287 2029 633 2112 excommunicavit.
684 2031 774 2108 Item
792 2029 919 2108 sosede
936 2030 1141 2132 Episcopali
1159 2044 1312 2110 vacante
1415 2065 1417 2075 ι

290 2146 525 2248 capitulum
513 2172 552 2224 ιιι
574 2146 818 2246 spiritualibus
839 2143 1071 2248 negligenter
1093 2163 1156 2225 aut
1177 2169 1315 2248 perpe
1436 2193 1439 2200 ι

288 2287 373 2348 ram
387 2261 675 2359 administraret,
692 2262 838 2342 Archi-
846 2258 1044 2364 Episcopus
1060 2265 1107 2340 ad
1120 2263 1311 2373 negliges
1341 2284 1343 2294 ·

287 2383 385 2460 ciam
406 2381 465 2455 vel
495 2372 714 2457 violenciam
737 2374 911 2476 capitoli,
945 2395 988 2454 eo
1020 2393 1172 2475 vocato,
1206 2367 1312 2453 cause

285 2494 491 2600 superbos
517 2494 731 2597 cognicione
750 2489 948 2594 premissa,
978 2474 1225 2572 oifitacionenr
1249 2491 1313 2570 seu

287 2610 643 2695 administracionem
670 2607 830 2713 ejusdem
856 2610 925 2690 ene
949 2607 1112 2720 injustam
1137 2610 1195 2685 vel
1216 2605 1313 2684 indi·
1402 2684 1405 2694 ,
1511 2603 1517 2636 ¹

286 2733 455 2814 scretam,
508 2728 603 2808 Item
620 2748 704 2808 curn
724 2728 843 2806 olsrtat
858 2729 1109 2828 provInciam,
1135 2727 1313 2827 potest
1265 2723 1313 2802 li

287 2865 387 2930 teras
419 2843 633 2926 remissionis
661 2844 878 2924 concedere.
933 2839 1026 2922 Item
1059 2859 1142 2922 cum
1172 2835 1318 2948 vifitat,
1346 2923 1349 2928 v
1409 2855 1410 2858 ‘

286 2961 406 3072 potest
421 2957 647 3042 subditorum
666 2955 1011 3094 suffraganloruni
994 2946 1250 3038 confefflones
1247 2977 1315 3032 au
1353 3021 1358 3030 .

286 3081 401 3178 dite,
424 3073 612 3155 absolvere
644 3098 688 3154 ac
714 3074 937 3176 penitenciae
966 3065 1168 3178 injungere
1218 3071 1314 3155 Item

286 3219 377 3277 cum
396 3195 444 3272 ari
461 3213 544 3271 cum
564 3190 731 3270 defertur
750 3190 885 3289 questio
912 3208 981 3292 per
996 3185 1311 3266 consiltacionem.
1357 3249 1361 3254 .
1475 3255 1478 3263 .

285 3296 418 3394 Item
407 3333 446 3385 sn
465 3303 556 3406 hiis,
580 3326 655 3406 que
678 3319 835 3408 tangunt
855 3300 1084 3384 Provinciam
1110 3296 1314 3378 communi·

286 3448 360 3512 ter
409 3424 502 3507 Item
519 3427 639 3525 quoad
655 3423 985 3529 congregacionem
998 3416 1149 3514 ConciliJ‘
1162 3415 1313 3498 Provin
1336 3478 1338 3484 ,

287 3541 415 3639 cialls,
442 3560 513 3674 que
507 3536 750 3646 ibiaguntur
777 3533 814 3616 uz
837 3538 1055 3631 statuuntur
1103 3529 1195 3611 Item
1218 3526 1316 3664 inibo.

286 3661 354 3762 riJs
376 3653 525 3757 notoriJs
551 3654 619 3733 srbi
647 3657 707 3732 vel
733 3651 881 3732 familie
897 3653 959 3731 sue
980 3653 1039 3730 vel
1063 3649 1132 3730 suis
1152 3644 1318 3755 nunciis,

290 3781 382 3856 dum
393 3769 605 3851 visitationis
620 3785 797 3848 exercent
807 3765 1018 3870 affictum,
1007 3764 1191 3867 irrogatis
1219 3764 1339 3846 Item·

285 3887 440 3970 racione
462 3877 646 3984 privilegij
679 3875 749 3960 stbi
778 3877 927 3976 neapo
953 3876 1116 3958 conceffi.
1166 3871 1261 3953 item
1285 3875 1323 3961 ss,

287 4009 390 4086 inter
401 4000 636 4102 Episcopum
664 3989 701 4073 cic
726 3989 935 4096 Capitulum
959 3994 1061 4072 suum
1081 3993 1145 4073 fiat
1169 4007 1317 4070 contra·
1334 3989 1336 3994 ’

288 4117 524 4218 anselinus
551 4116 661 4215 super
687 4115 797 4192 rebus
819 4102 1091 4214 immobilibus,
1127 4131 1210 4188 cuns
1225 4127 1323 4188 tunc
1376 4139 1380 4146 ¹

289 4262 367 4320 uec
378 4235 577 4340 Episcopus
592 4229 697 4334 posit
713 4226 924 4321 effetatur
912 4254 954 4319 ιιι
967 4253 1010 4318 re
1023 4228 1174 4335 propria
1217 4229 1360 4432 (litem

730 4408 746 4416 -
1031 4397 1035 4406 ,
1119 4367 1265 4458 quone
