3542 5092
664 547 1117 676 ..domo

439 771 444 782 ·
455 755 542 814 rum
561 729 611 807 A.
631 739 689 812 68
708 724 769 807 die
787 727 936 808 Sabathi
957 731 1084 810 ultima
1097 699 1254 830 januarii
1269 727 1481 828 capitulari·

461 866 518 933 ter
532 847 738 943 conclusum
754 848 895 952 supra
876 868 972 928 inter
986 851 1115 927 statuta
1130 865 1254 926 vetera
1270 850 1458 988 scriptum

536 972 687 1113 Jaibus
699 1024 960 1125 Midcndorpz'us
978 1025 1202 1112 Liberaliuui
1220 1027 1356 1106 artium
1374 1026 1481 1126 deju-

338 1204 341 1211 .
458 1141 512 1221 ris
535 1139 723 1235 utriusque
742 1139 888 1219 Dodior
924 1141 957 1218 S
986 1139 1213 1246 Theologiae
1235 1141 1482 1243 Licentiatui,

458 1255 633 1359 Decpnua
652 1269 841 1353 totumque
875 1255 1083 1354 Capitulum
1113 1258 1325 1360 collegiatae
1350 1261 1482 1337 Eccle-

394 1475 399 1482 .
456 1374 533 1523 siae
548 1375 584 1448 S
605 1372 765 1449 Andreae
785 1371 957 1451 universis
976 1373 1011 1452 sc
1029 1371 1174 1477 fingatis
1193 1375 1353 1454 salutem

534 1551 626 1628 Cum
647 1544 797 1649 majores
817 1507 954 1628 nastri'
943 1567 1040 1628 inter
1056 1561 1198 1638 caetera
1215 1549 1398 1628 Ecclesiae
1411 1575 1480 1630 no-

456 1667 551 1762 strae
565 1665 693 1741 statuta
714 1665 799 1740 olim
819 1663 1053 1742 decrevissem
1073 1663 1342 1742 &ordinassent
1361 1683 1480 1744 utca-

334 1805 358 1850 :
424 1864 431 1876 J
455 1782 616 1877 nonicus·
635 1799 697 1858 aut
720 1779 876 1887 vicariae
905 1779 1097 1878 apostolica
1120 1782 1177 1858 vel
1206 1779 1387 1857 ordinaria
1404 1805 1480 1862 au.-

453 1895 627 1975 thoritate
652 1893 702 1969 sui
726 1895 954 1985 canonicatus
980 1909 1042 1969 aut
1067 1893 1225 1970 vicariae
1248 1897 1480 2004 collationem

453 2025 518 2088 aut
534 2003 777 2104 provisionem
793 2005 932 2082 liabens
954 2003 988 2080 δι
1006 2003 1107 2090 illam
1121 2006 1159 2084 in
1185 1999 1353 2108 Capitulo
1367 2013 1480 2089 doce·

330 2146 332 2152 ·
381 2129 396 2135 “’
453 2145 519 2218 re,
547 2145 589 2198 ac
603 2143 671 2222 pro
689 2108 779 2196 reali
797 2117 1004 2218 polsellionc
1024 2121 1273 2219 consequenda
1294 2113 1480 2205 insinnare

431 2240 579 2328 'volcas
609 2254 744 2313 certam
774 2237 968 2334 pecuniam
993 2237 1171 2338 Magistro
1195 2237 1337 2316 fabrice
1365 2241 1476 2320 duvi-

426 2361 429 2366 ’
453 2357 561 2436 uariis
575 2354 847 2453 campanariis,
883 2369 992 2452 atque
1016 2353 1220 2434 choralibus
1252 2355 1391 2436 solvere
1411 2363 1478 2440 de-

451 2471 579 2567 beret,
615 2491 706 2568 quae
736 2469 845 2557 etiam
881 2467 1052 2547 baiieiius
1082 2467 1234 2578 colleiia
1261 2469 1344 2548 fuit.
1395 2477 1477 2556 Nos

351 2572 358 2593 '¹
451 2590 574 2666 autem
597 2583 738 2683 experti
756 2583 893 2662 fuimus
926 2589 1022 2682 quod
1047 2609 1119 2662 non
1138 2609 1229 2662 unus
1247 2601 1385 2665 tantum
1413 2593 1477 2672 sed

451 2707 667 2806 quandoque
693 2702 821 2800 pluteo
853 2703 897 2776 de
928 2725 1000 2778 uno
1034 2703 1236 2800 eodemque
1260 2705 1476 2814 canonicatu

380 2806 384 2811 ’
447 2822 581 2924 provisi
605 2823 683 2900 satis
705 2822 912 2918 importune
935 2845 1003 2922 pro
1030 2822 1222 2900 indicendo
1248 2823 1416 2922 Capitulo
1438 2829 1475 2906 tir

448 2941 610 3020 docenda
633 2935 696 3015 sua
724 2937 928 3038 provifione
955 2935 1235 3036 all'equeod'aque
1265 2939 1477 3037 polseillone

449 3055 616 3134 certatim
646 3053 819 3130 instarent
850 3077 893 3128 ac
926 3055 1047 3130 multis
1079 3051 1378 3154 disputationibus
1406 3081 1473 3133 va-

243 3139 247 3147 !
363 3252 365 3257 ,
448 3170 585 3269 ῐίἰιιιῑῑθ
605 3167 777 3245 exhibitis
803 3167 1047 3249 instrumentis
1074 3165 1107 3242 d
1133 3165 1269 3265 juribus
1297 3193 1361 3246 nos
1383 3169 1476 3248 fati-

346 3364 353 3377 s
441 3292 578 3380 ‘gareot
603 3275 809 3361 &diversis
834 3285 1026 3382 aliquando
1052 3307 1111 3361 eos
1132 3283 1273 3362 labores
1294 3309 1377 3364 cuin
1404 3313 1487 3366 no-.
1542 3327 1543 3330 ι

407 3471 409 3474 ,
446 3397 519 3474 siro
548 3399 667 3478 taedio
696 3399 880 3498 divinique
905 3403 1035 3480 cultus·
1056 3387 1293 3484 diminutione
1317 3402 1351 3480 (t
1375 3422 1472 3484 tein-

444 3515 546 3614 porii
562 3511 706 3616 jaiiura
728 3530 831 3612 repet
834 3528 895 3592 eie
912 3515 1160 3616 cogebamur,
1184 3541 1294 3616 quare
1309 3517 1469 3614 exjustis

446 3627 483 3704 dr
505 3630 782 3727 rationabilibus
816 3629 926 3706 causis
953 3629 1210 3728 capitulariter
1236 3636 1290 3708 ad
1308 3635 1378 3713 hoc
1400 3647 1470 3716 (ut

443 3730 542 3840 apud
562 3764 625 3816 nos
648 3741 758 3818 moris
791 3740 860 3830 est)
894 3741 1046 3818 durante
1074 3742 1231 3840 capitulo
1258 3746 1467 3846 disciplinae
1543 3841 1544 3856 Ν

367 3943 371 3946 ,
441 3851 650 3931 solemniter
669 3851 884 3955 congregati
902 3870 1004 3950 vetus
1023 3853 1112 3931 illud
1133 3856 1199 3932 siat
1184 3871 1303 3934 tutum
1323 3858 1373 3936 ita
1403 3864 1467 3940 de·

440 3969 651 4044 clarandum
670 3969 858 4063 duximus,
896 3984 936 4044 ut
963 3967 1041 4066 post
1070 3969 1138 4049 hac
1166 3970 1240 4048 five
1264 3995 1357 4050 unus
1382 3989 1465 4068 raia

438 4084 518 4161 tum
533 4083 557 4160 s
560 4107 605 4159 ve
622 4086 746 4183 plures
770 4085 932 4165 eiusdem
954 4085 1194 4168 Caiiouicatus
1221 4091 1278 4166 vel
1303 4089 1463 4172 vicariae

417 4194 678 4305 polemonem
702 4195 768 4341 siui‘
793 4219 870 4300 pei
886 4219 952 4279 iios
982 4199 1148 4302 assignari
1181 4202 1355 4309 petierint
1383 4201 1409 4281 s
1398 4228 1467 4286 ve

1225 4339 1405 4418 preces

1445 362 1453 376 Ι

1351 403 1355 410 n

1535 764 1542 845 l
