3542 5092
501 606 628 693 arc.
829 586 842 693 '.
897 552 1070 668 Μ
1192 609 1193 616 ¹
1511 225 1535 734 Ι

368 821 373 834 .
475 762 574 865 quod
588 757 750 861 quelibet
773 757 1030 841 intelledlualis
1047 764 1178 842 natura
1195 755 1234 836 in
1255 753 1389 860 seipsa
1401 771 1507 839 natu·

336 895 347 912 ··
475 874 603 967 raliter
619 875 670 951 est
689 875 819 982 beata,
845 878 1014 976 quodque
1038 876 1160 956 anima
1188 899 1262 951 non
1286 873 1434 978 indiget
1454 877 1507 951 lu·

475 984 577 1104 mine
597 992 714 1094 glorIe
735 991 849 1094 ipsam
866 996 1029 1072 elevante
1046 995 1234 1101 ad'Deum
1251 990 1460 1068 videndum
1477 991 1510 1068 dr

477 1123 525 1183 co
555 1105 661 1180 beate
689 1103 899 1184 fruendum.
950 1109 1057 1184 Sexto
1092 1105 1190 1210 quod
1221 1101 1257 1180 se
1289 1101 1329 1180 in
1361 1101 1538 1184 actioni

314 1298 317 1304 ,
479 1214 661 1297 exercerc
674 1217 859 1298 virtutum
876 1221 926 1297 est
948 1220 1106 1302 hominis
1128 1216 1341 1317 inperfecti
1365 1219 1404 1292 dc
1424 1239 1511 1317 per·

250 1423 253 1429 »
295 1405 298 1419 ‚
341 1359 344 1362 ’
482 1331 603 1414 rems
622 1331 790 1412 licenciat
803 1328 832 1412 'a
851 1333 887 1412 se
913 1335 1080 1413 vittutes.'
1135 1335 1281 1432 Septimo
1305 1331 1409 1430 quod
1430 1355 1514 1408 mu·

352 1444 371 1457 ”
482 1441 585 1519 lieris
607 1440 787 1545 tumulum,
822 1467 906 1523 cum
931 1446 978 1521 ad
1001 1445 1072 1522 hoc
1089 1468 1162 1522 non
1187 1443 1336 1520 inclinet
1352 1457 1514 1538 natura,

486 1559 540 1637 est
558 1561 712 1636 mortale
729 1545 944 1659 peccatum,
961 1561 1062 1639 attus
1080 1577 1202 1638 autem
1221 1558 1398 1656 carnalis,
1430 1582 1516 1638 cum

440 1712 444 1725 =
484 1669 624 1751 adhoc
642 1689 772 1750 natura
784 1673 956 1775 inclinet,
980 1691 1172 1776 peccatum
1197 1697 1272 1752 non
1293 1672 1362 1766 est,
1391 1673 1517 1750 maxi·

488 1801 551 1861 me
568 1810 651 1904 cum
665 1807 863 1893 temptatur
880 1817 1063 1876 exercens.
1093 1795 1243 1886 ‘orlavu
1266 1791 1362 1890 quod
1381 1790 1423 1868 in
1442 1794 1517 1870 ele·

488 1901 642 1984 vacione
656 1911 830 2010 Corporis
847 1913 948 2010 trior·
963 1913 1068 2012 Jlesu
1082 1935 1155 1992 non
1172 1911 1304 1988 debent
1322 1906 1517 2012 affurgere

489 2031 561 2090 nec
576 2017 695 2096 eidem
709 2025 967 2102 reverenciam
979 2025 1155 2103 exhibere
1171 2020 1384 2116 afferentes,
1417 2021 1518 2119 quod

301 2131 309 2140 “
353 2163 365 2185 --
491 2122 579 2205 erret
599 2117 889 2231 imperfetbiouis
911 2136 1070 2234 eisdem,
1094 2135 1122 2214 sr
1148 2136 1349 2236 apuritare
1368 2133 1407 2211 dr
1433 2133 1519 2210 alti·

491 2245 620 2326 tudine
632 2254 950 2354 contemplacionis
965 2254 1397 2348 tantumdescenderent,
1417 2253 1518 2351 quod

495 2362 596 2444 circa
627 2368 887 2466 ministerium
915 2373 976 2452 seu
1012 2371 1277 2450 sacramentum
1312 2371 1523 2448 Eukaristio

493 2495 559 2560 aut
580 2481 678 2561 circa
691 2486 888 2587 pollionem
905 2487 1137 2586 humanitatis
1169 2484 1276 2562 Cristi
1304 2484 1427 2582 aliqua
1456 2510 1520 2562 co-

407 2667 411 2672 .
437 2631 441 2641 ·
492 2594 665 2695 girarene
688 2695 692 2700 ι
715 2601 899 2679 Nonnulla
921 2605 1046 2679 eciam'
1062 2599 1125 2679 sub
1158 2587 1321 2678 fimurata
1355 2601 1520 2695 quadam

494 2707 694 2792 sanctitatis
716 2715 837 2817 specie
861 2717 1006 2806 dicunt,
1031 2716 1173 2796 faciunt
1200 2715 1235 2791 dt
1258 2713 1520 2815 committunt,

496 2847 569 2922 que
585 2829 706 2918 oculos
730 2830 867 2910 Divine
887 2831 1082 2933 lldaj'estatis
1098 2827 1316 2930 'offendunt5
1341 2827 1376 2905 dr
1401 2849 1523 2928 grave

495 2938 537 3018 ln
561 2936 598 3015 se
622 2945 807 3023 continent
832 2947 1038 3046 periculum
1065 2947 1279 3024 animarum.
1333 2945 1427 3020 Cum
1453 2965 1546 3020 aum

385 3122 388 3127 ⁴
489 3055 574 3127 tem
597 3076 644 3134 ex
659 3061 784 3138 debito
803 3060 978 3158 commisii
992 3063 1097 3144 nobis
1118 3044 1227 3162 officij'
1239 3055 1448 3160 hujusmodi
1463 3059 1524 3136 se-

498 3159 597 3272 ctam
621 3167 865 3248 detestabilem
891 3171 928 3249 a
949 3173 1138 3274 premissos
1159 3175 1268 3275 ipsms
1293 3175 1523 3252 execrandos

498 3294 666 3374 errores,
690 3301 737 3356 ne
751 3297 1002 3386 propagentur
1019 3287 1169 3367 ulterius
1191 3287 1227 3364 dr
1248 3309 1317 3386 per
1329 3305 1391 3362 eos
1406 3287 1525 3362 corda

498 3389 662 3503 fidelium
685 3385 966 3494 dampnabiliter
984 3392 1288 3499 corrumpantur,
1315 3397 1524 3498 exstirpare

414 3559 418 3567 -
497 3507 555 3586 ab¹
568 3509 715 3589 ecclesia
733 3511 911 3592 catholica
929 3513 1121 3621 necessaria
1134 3517 1353 3613 habeamur,
1379 3537 1446 3593 nos
1462 3516 1525 3594 sa·

499 3643 566 3737 cro
591 3629 818 3725 approbante
845 3631 986 3708 Concili
1031 3629 1165 3710 sertam
1187 3631 1301 3732 ipsam
1324 3653 1408 3708 cum
1429 3653 1522 3728 pre-

497 3733 608 3817 millu
627 3740 812 3820 erroribus
829 3743 936 3841 damp
1023 3763 1064 3818 us
1083 3740 1372 3843 &reprobamus
1398 3745 1525 3820 omni-

458 3905 468 3924 s
498 3875 549 3934 no
573 3854 780 3937 inhibentes
795 3855 1012 3956 dimitrius,
1039 3880 1086 3936 ne
1111 3859 1189 3958 quis
1203 3857 1318 3960 ipsam
1334 3861 1377 3934 de
1394 3874 1524 3940 cetero

325 4007 328 4010 ·
449 3970 452 3975 ’
495 3984 644 4064 teneat,
676 3975 858 4071 approbet
891 3961 1253 4072 praesentaneos
1281 3989 1428 4067 autem,
1456 3973 1525 4070 qui

424 4171 426 4174 ‚
496 4080 598 4160 secus
622 4081 787 4182 egerint,
818 4085 1127 4181 animadverfione
1152 4085 1327 4191 canonica
1351 4076 1524 4160 decerni·

381 4242 385 4246 Α
494 4221 579 4303 prus
595 4197 809 4299 puniendos.
858 4203 971 4282 Porro
989 4201 1195 4307 Dyocesani
1212 4199 1249 4282 tic
1268 4201 1413 4284 illarum
1430 4215 1524 4294 par·

729 4327 732 4332 ·
1060 4323 1073 4336 ¹·
1375 4311 1473 4394 uum
