3542 5092
1410 521 1751 608 Q==b
2401 542 2512 624 ⁷³⁴

485 695 488 740 ἕ
560 716 833 797 ponere
898 700 1091 777 velle
1151 696 1224 785 δε
1275 699 1582 801 debere,
1636 705 1834 803 quod
1876 696 2286 801 quicunque
2324 700 2604 802 prefati

559 803 900 918 theolonij
952 817 1174 896 nostri
1220 817 1505 920 Notarij
1560 844 1647 898 ac
1702 817 1819 919 a'lij
1864 819 2278 898 ‘familiares
2330 820 2456 922 qui
2509 824 2610 898 ad
2696 844 2733 925 j

556 927 699 1005 hoc
748 931 986 1031 ipsum
1032 931 1479 1011 theolonium
1537 956 1675 1034 pro
1732 951 2065 1032 tempore
2130 933 2202 1010 δε
2262 932 2623 1031 ςιιοοίεῐις··

561 1047 888 1147 deputati
939 1039 1217 1128 fuerint
1237 1103 1262 1147 ,
1336 1055 1715 1152 corporale
1770 1039 2196 1152 prestabunt
2226 1051 2604 1154 J'uramen-

558 1177 713 1242 tum
796 1165 1087 1265 prefato
1147 1169 1471 1246 Domino
1552 1167 1780 1244 UZrico
1847 1168 2042 1274 quod
2090 1165 2226 1245 fibi
2289 1191 2608 1249 annuam
2685 1212 2693 1222 ·

563 1282 872 1358 duorum
932 1280 1230 1359 Milium
1290 1281 1741 1360 florenorum
1801 1279 2218 1380 pensionem
2284 1278 2622 1360 reserva-

557 1413 708 1475 tam
762 1398 841 1477 in
895 1399 1225 1477 terminis
1284 1398 1633 1499 predi'ffis
1698 1387 2088 1477 noniinatis
2153 1395 2225 1472 δι
2289 1395 2616 1492 statutis,

564 1520 794 1595 donec
860 1516 1133 1595 vixerit
1155 1569 1182 1614 .,
1282 1519 1372 1594 de
1459 1517 1935 1619 proventibus
2003 1513 2320 1615 ejusdem
2383 1512 2610 1594 nostri

563 1633 906 1736 theolonij
967 1638 1059 1712 ad
1118 1660 1251 1714 nos
1300 1636 1373 1715 δε
1404 1637 1795 1716 Ecclesiam
1839 1634 2155 1714 nostram
2187 1637 2610 1714 Treveren·

561 1751 707 1829 sem
751 1749 1245 1854 spectantibus
1297 1758 1589 1833 tradent
1636 1753 1707 1831 Gt
1751 1751 2204 1854 assignabunt
2255 1748 2611 1851 quibusli-

565 1847 685 1937 bet
726 1861 1301 1942 contradictione
1353 1863 1873 1961 impedimento
1915 1861 2036 1940 seu
2083 1860 2436 1939 dilacione
2474 1880 2608 1960 pe-

562 1978 753 2056 nitus
805 1979 876 2056 δι
925 1979 1219 2057 omnino
1259 1979 1591 2076 semotis,
1645 1981 1980 2080 quodque
2020 1975 2233 2076 super
2271 1978 2402 2056 tali
2436 1997 2612 2076 pre-

565 2089 720 2167 stito
740 2085 1155 2200 juramento
1186 2088 1429 2194 literas
1461 2090 1709 2193 figillis
1751 2108 2002 2167 eorum
2050 2087 2170 2166 seu
2206 2087 2262 2166 fi
2306 2086 2610 2190 propria

564 2228 703 2282 non
739 2190 1134 2285 habuerint
1170 2188 1480 2286 aliorum
1511 2206 1653 2282 fide
1695 2204 2088 2308 dignorum
2128 2199 2377 2308 sigillis
2406 2206 2608 2308 figi}-

563 2313 733 2392 latas
791 2317 1066 2394 dabunt
1087 2370 1114 2415 ,
1178 2319 1440 2417 quibus
1498 2315 1994 2419 juramentum
2053 2332 2136 2394 ut
2190 2313 2608 2413 prefertur,

564 2429 629 2508 se
681 2433 1059 2539 fateantur
1098 2434 1499 2536 prestitisse.
1617 2436 1770 2513 Nos
1826 2455 2110 2533 quoque
2147 2432 2487 2510 Decanus
2536 2430 2611 2511 Gt
2726 2521 2731 2535 f<

568 2550 987 2650 Capitulum
1035 2552 1348 2631 Ecclefie
1401 2556 1475 2631 T
1476 2550 1873 2630 reverenfis
1907 2573 2047 2651 pro
2092 2548 2302 2626 nobis
2351 2547 2424 2626 δι
2478 2573 2615 2627 no-

562 2667 714 2744 stris
772 2667 1289 2748 successoribus
1340 2672 1531 2749 bona
1575 2670 1719 2748 fide
1773 2670 1934 2746 loco
1986 2663 2382 2766 juramenti
2435 2689 2614 2767 pro-

560 2784 923 2862 mittimus
961 2809 1096 2887 per
1127 2787 1493 2886 presentes
1528 2787 1723 2888 quod
1747 2783 2087 2886 quociens
2122 2781 2387 2860 dictam
2418 2785 2614 2861 Tre-

561 2900 937 2978 verensem
1004 2901 1397 2998 Ecclesiam
1463 2926 1735 2981 vacare
1804 2899 2236 3004 contigerit,
2322 2900 2613 3001 prefato

561 3012 891 3092 Domino
961 3019 1190 3095 Utrico
1248 3019 1327 3096 in
1382 3018 1716 3098 humanis
1787 3018 2079 3095 vivente
2099 3070 2124 3116 ,
2201 3018 2479 3094 nullum
2528 3014 2611 3093 in

560 3129 881 3232 ejusdem
941 3139 1257 3217 Ecclefie
1316 3139 1608 3218 Archi-
1638 3139 2077 3240 Episcopum
2149 3135 2610 3237 suscipiemus

556 3270 798 3347 neque
847 3251 1355 3332 obedienciam
1400 3249 1493 3331 ab
1549 3253 1803 3332 incolis
1846 3252 2170 3331 officiatis
2216 3250 2288 3326 δι
2333 3252 2608 3330 vasallis

561 3365 955 3462 provincie
1014 3370 1483 3448 Treverenfis
1547 3369 1786 3446 alicui
1835 3368 2154 3474 prestare
2216 3366 2610 3464 faciemus«,

556 3475 688 3553 nifi
721 3478 935 3577 prius
977 3482 1385 3581 presentem
1416 3481 1993 3561 reservacionem
2035 3504 2121 3557 ac
2157 3479 2615 3558 constitucio-

557 3615 733 3671 nem
782 3595 1242 3694 prefatarum
1301 3620 1540 3676 annue
1585 3596 1946 3700 pensionis
2009 3598 2080 3675 ἀ
2135 3595 2613 3674 habitacionis

523 3709 891 3790 Domino
953 3715 1179 3792 Ulrz‘co
1228 3717 1319 3793 de
1377 3696 1884 3814 Manderfhbeit
1924 3715 2156 3794 factas
2213 3737 2298 3792 eo
2345 3717 2622 3816 modo-4
2685 3796 2689 3800 .

564 3842 642 3904 ut
693 3827 1156 3927 premittitur
1177 3882 1204 3929 ,
1273 3846 1466 3910 ratas
1527 3831 1600 3909 ἀ
1665 3832 1912 3909 firmas
1973 3831 2046 3909 se
2098 3831 2613 3913 inviolabilitei

565 3937 1122 4020 observaturum
1152 3943 1567 4044 promiserit
1598 3943 1895 4042 suasque
1946 3935 2246 4043 desuper
2285 3959 2609 4043 patentes

560 4047 839 4137 litteras
879 4059 1110 4161 sigillo
1140 4063 1263 4142 suo
1295 4061 1631 4166 sigillatas
1670 4063 1747 4142 in
1778 4066 2065 4144 meliori
2098 4065 2340 4143 forma
2378 4065 2605 4144 eidem

563 4171 891 4254 Domino
929 4177 1167 4261 ‘Utrico
1211 4176 1596 4260 tradiderit
1643 4179 1723 4255 in
1771 4181 2031 4280 quibus
2073 4181 2147 4260 se
2198 4179 2613 4264 observatu-

1611 4298 1677 4376 E
1731 4319 1769 4394 ς
2348 4322 2521 4380 rum
