3542 5092
723 544 917 657 μεθ’
1202 570 1272 672 187'

293 752 505 833 canonicus
520 772 612 828 vero
633 762 695 829 aut
713 751 882 831 Vicarius
905 742 1321 850 euangelium'cantatu-

292 888 361 947 rus
392 864 581 967 evangelio
613 882 756 955 cantato
788 883 872 942 ante
906 862 1090 961 pulpitum
1128 865 1168 947 in
1198 868 1331 971 medio·

299 978 408 1059 chori
433 980 523 1056 stans
549 977 584 1055 se
612 994 669 1057 ter
693 979 814 1079 primo
835 978 882 1055 ob
907 958 1085 1067 honorem
1101 976 1174 1053 Dei
1195 982 1321 1061 versut

296 1090 513 1187 uarerabite
531 1091 793 1171 sacramentum
809 1092 846 1171 dr
861 1090 1040 1169 summum
1059 1088 1173 1167 altare
1195 1093 1328 1189 deinde

299 1210 341 1289 in
360 1208 503 1311 signum
522 1207 759 1286 'reverentiae
772 1205 895 1285 versus
917 1207 1009 1281 latus
1028 1204 1200 1284 deutrum
1227 1210 1342 1307 quod·
1367 1264 1371 1271 .
1396 1282 1403 1301 ,
1498 1192 1501 1197 ’

301 1312 500 1425 Praepofiti
516 1320 662 1419 dicitur,
672 1324 782 1402 tertio
793 1321 917 1401 versus
930 1323 1021 1399 latus
1036 1320 1214 1403 finistrum
1228 1328 1329 1427 quod

268 1454 276 1505 :
301 1438 468 1535 nocam,
500 1435 675 1515 inclinare
702 1454 861 1516 tenetur.
908 1434 964 1519 ,Si
992 1456 1081 1511 vero
1101 1438 1326 1539 rraepofitm

268 1554 431 1657 uabsens
453 1548 675 1629 &Decanus
689 1548 857 1651 praeiens
871 1546 1006 1643 fuerit,
1031 1544 1214 1647 primoad
1230 1557 1324 1637 latua
1402 1578 1406 1589 ·

268 1687 280 1735 ε;
304 1663 447 1747 Decani
470 1664 517 1743 o'b
544 1662 618 1764 ejm
641 1664 880 1765 praesentiam
909 1660 1039 1738 deinde
1068 1664 1263 1765 Praepositi
1287 1670 1327 1753 se
1416 1722 1424 1731 -

268 1776 511 1859 zinclinabit..
554 1778 697 1857 Exinde
719 1771 1056 1855 altareaccefforus
1069 1775 1117 1855 dt
1139 1778 1330 1861 Diaconut
1452 1794 1457 1811 ³

268 1893 611 1975 :chubdiaconus
637 1892 814 1972 sacerdoti
842 1890 1082 1969 ministrantes
1105 1895 1245 1975 devote
1272 1895 1329 1977 iili

273 2028 279 2098 f
298 2008 445 2089 adstare
466 2005 500 2079 da
525 2004 675 2083 minime
698 2007 743 2082 de
767 2029 842 2084 uno
866 2007 949 2083 loco
972 2006 1016 2079 ad
1046 2002 1157 2083 alium
1176 2007 1240 2087 'ire
1264 2012 1330 2089 de.

268 2138 273 2185 7
296 2120 414 2214 bent,
442 2117 508 2198 nifi
523 2135 676 2219 propter
695 2118 915 2219 paucitatem
930 2115 1166 2216 personarum
1183 2117 1222 2197 in
1238 2144 1328 2202 can-

294 2258 343 2321 tu
363 2232 478 2315 choro
495 2233 673 2335 adjutorio
696 2234 848 2315 fuerint.
897 2233 978 2311 Pari
992 2238 1102 2313 modo
1117 2235 1261 2315 nemini
1284 2240 1331 2316 'de

292 2378 377 2459 nno
400 2355 514 2432 choro
536 2356 583 2430 ad
604 2355 759 2433 alterum
783 2353 839 2433 ire
867 2355 1117 2457 permittitur,
1142 2354 1203 2433 sed
1220 2354 1330 2454 quili.

293 2470 368 2548 bet
381 2472 421 2551 in
434 2474 515 2550 loco
528 2470 593 2551 suo'
610 2471 757 2551 honeste
777 2470 959 2549 &devote
977 2470 1196 2570 proutDeus
1214 2469 1329 2570 inspi-

296 2584 467 2681 raverit,
493 2602 640 2663 cantans
664 2584 850 2683 manebit3
882 2583 1018 2663 {ivero
1041 2582 1145 2661 causa
1167 2584 1330 2664 rationa-

298 2696 388 2781 bilis
403 2703 558 2778 alterum
571 2704 746 2779 accedere
754 2698 916 2802 juss'erit,
938 2716 1038 2779 retro
1053 2700 1235 2800 pulpitum
1252 2700 1333 2780 cir·

303 2840 350 2895 ca
372 2818 471 2915 quod
490 2838 621 2919 regens
639 2817 794 2896 chorum
810 2818 899 2914 stat,
940 2830 1050 2915 caput
1075 2816 1123 2891 ad
1139 2811 1256 2895 altare
1267 2816 1329 2895 in·
1448 2808 1453 2836 ¹

303 2936 504 3015 clinaturus
525 2931 596 3008 iter
616 2928 750 3028 iaciat,
789 2932 942 3009 chorum
965 2946 1086 3007 tamen
1109 2931 1257 3033 regenti
1280 2926 1343 3007 de'

303 3076 378 3135 uno
403 3051 451 3125 ad
471 3051 626 3125 alterum
642 3047 795 3125 chorum
817 3070 864 3126 ex
878 3044 1082 3129 transverso
1100 3044 1157 3125 ire
1184 3044 1330 3151 &psat-

302 3168 423 3245 ientes
438 3160 477 3241 in
492 3160 639 3239 cantufi
656 3184 747 3261 opus
762 3159 901 3255 fuerit,
926 3159 1123 3239 concordes
1147 3160 1325 3261 reddere,

302 3282 477 3363 incedere
499 3279 640 3358 licitum
663 3278 725 3356 est
793 3280 925 3356 Nullae
955 3293 1077 3357 tamen
1106 3300 1174 3379 per
1201 3302 1344 3378 quem.

276 3388 278 3393 ’
304 3418 451 3498 cunque
468 3393 774 3475 confabulationes
803 3417 872 3496 per
902 3417 989 3494 ques
1012 3410 1178 3473 canentes
1200 3394 1333 3475 &offiae
1370 3472 1374 3481 ,

307 3518 410 3597 cium
426 3514 590 3592 divinum
607 3511 780 3611 impediri
798 3512 948 3613 poffint,
971 3513 1084 3609 fient3
1107 3510 1135 3589 fi
1150 3528 1273 3589 tamen
1292 3515 1333 3591 in

304 3632 479 3715 canendis
495 3632 596 3712 horis
620 3633 680 3709 vel
697 3628 799 3709 miiia
818 3630 857 3709 in
880 3647 989 3708 cantu
1010 3627 1172 3735 defecius
1191 3629 1330 3707 incide·

306 3752 382 3849 rit,
407 3770 450 3828 eo
467 3752 652 3829 momento
672 3744 864 3825 succentor
876 3747 937 3823 vei
956 3747 1048 3823 alter
1064 3743 1192 3822 melius
1213 3742 1252 3822 in
1271 3760 1333 3819 ar·

302 3890 347 3953 te
369 3866 525 3946 canendi
545 3865 685 3967 peritus
713 3865 871 3944 modeste
894 3865 931 3943 dc
955 3866 1109 3943 dulciter
1123 3860 1331 3964 hujusmodi

307 3982 498 4065 descitum
519 3984 687 4084 supplere
703 3983 825 4062 debet.
889 3986 937 4060 Et
956 3986 1100 4083 quando
1116 3982 1273 4083 Epistola
1295 3980 1336 4071 α

305 4096 549 4197 Evangelium
568 4095 710 4175 canitur
725 4112 788 4175 aut
802 4093 978 4174 leiiioner
1004 4096 1045 4175 in
1065 4093 1250 4175 matutinis
1273 4092 1337 4185 vei

307 4208 446 4317 vigiliis
463 4212 636 4315 leguntur
648 4224 711 4292 aut
733 4211 805 4293 duo
823 4212 977 4308 Adriano
997 4226 1197 4307 canuntur,
1226 4234 1344 4290 nemo

1135 4331 1289 4411 chorum
