<?xml version="1.0" encoding="UTF-8"?>
<!DOCTYPE html PUBLIC "-//W3C//DTD XHTML 1.0 Transitional//EN"
    "http://www.w3.org/TR/xhtml1/DTD/xhtml1-transitional.dtd">
<html xmlns="http://www.w3.org/1999/xhtml" xml:lang="en" lang="en">
 <head>
  <title>
</title>
<meta http-equiv="Content-Type" content="text/html;charset=utf-8" />
  <meta name='ocr-system' content='tesseract 3.04.00' />
  <meta name='ocr-capabilities' content='ocr_page ocr_carea ocr_par ocr_line ocrx_word'/>
</head>
<body>
  <div class='ocr_page' id='page_1' title='image "./novasubsidiadip03wrgoog/novasubsidiadip03wrgoog_0313.png"; bbox 0 0 3542 5092; ppageno 0'>
   <div class='ocr_carea' id='block_1_1' title="bbox 577 529 1249 637">
    <p class='ocr_par' dir='ltr' id='par_1_1' title="bbox 577 497 1381 644">
     <span class='ocr_line' id='line_1_1' title="bbox 577 529 1249 637; baseline 0.009 -21"><span class='ocrx_word' id='word_1_1' title='bbox 577 529 889 630; x_wconf 41' lang='grc' dir='ltr'>μή</span> <span class='ocrx_word' id='word_1_2' title='bbox 1150 541 1249 637; x_wconf 74' lang='lat'>&#39;233</span> 
     </span>
    </p>
   </div>
   <div class='ocr_carea' id='block_1_2' title="bbox 241 695 1510 1741">
    <p class='ocr_par' dir='ltr' id='par_1_2' title="bbox 241 695 1510 1741">
     <span class='ocr_line' id='line_1_2' title="bbox 259 695 1415 815; baseline 0.022 -39"><span class='ocrx_word' id='word_1_3' title='bbox 259 701 387 782; x_wconf 77' lang='lat' dir='ltr'>cium</span> <span class='ocrx_word' id='word_1_4' title='bbox 415 701 660 784; x_wconf 62' lang='lat' dir='ltr'>nimetensis</span> <span class='ocrx_word' id='word_1_5' title='bbox 684 695 885 810; x_wconf 78' lang='lat' dir='ltr'>hujusmodi</span> <span class='ocrx_word' id='word_1_6' title='bbox 909 703 1119 791; x_wconf 86' lang='lat' dir='ltr'>durantibus</span> <span class='ocrx_word' id='word_1_7' title='bbox 1138 738 1208 815; x_wconf 86' lang='lat' dir='ltr'>pro</span> <span class='ocrx_word' id='word_1_8' title='bbox 1238 721 1302 800; x_wconf 89' lang='lat' dir='ltr'>de·</span> <span class='ocrx_word' id='word_1_9' title='bbox 1412 760 1415 773; x_wconf 86' lang='lat'><strong>·</strong></span> 
     </span>
     <span class='ocr_line' id='line_1_3' title="bbox 281 822 1300 938; baseline 0.016 -36"><span class='ocrx_word' id='word_1_10' title='bbox 281 822 417 902; x_wconf 73' lang='lat' dir='ltr'>fimeto</span> <span class='ocrx_word' id='word_1_11' title='bbox 444 825 634 924; x_wconf 81' lang='lat' dir='ltr'>disponere</span> <span class='ocrx_word' id='word_1_12' title='bbox 655 845 867 929; x_wconf 76' lang='lat' dir='ltr'>teneantur,</span> <span class='ocrx_word' id='word_1_13' title='bbox 892 831 1078 908; x_wconf 88' lang='lat' dir='ltr'>habebunt</span> <span class='ocrx_word' id='word_1_14' title='bbox 1100 835 1207 920; x_wconf 88' lang='lat' dir='ltr'>etiam</span> <span class='ocrx_word' id='word_1_15' title='bbox 1233 858 1300 938; x_wconf 80' lang='lat' dir='ltr'>pe·-</span> 
     </span>
     <span class='ocr_line' id='line_1_4' title="bbox 283 935 1510 1048; baseline 0.013 -37"><span class='ocrx_word' id='word_1_16' title='bbox 283 935 414 1015; x_wconf 85' lang='lat' dir='ltr'>cunias</span> <span class='ocrx_word' id='word_1_17' title='bbox 441 963 532 1040; x_wconf 88' lang='lat' dir='ltr'>quae</span> <span class='ocrx_word' id='word_1_18' title='bbox 557 965 624 1040; x_wconf 90' lang='lat' dir='ltr'>pro</span> <span class='ocrx_word' id='word_1_19' title='bbox 649 945 784 1024; x_wconf 90' lang='lat' dir='ltr'>duabus</span> <span class='ocrx_word' id='word_1_20' title='bbox 809 948 899 1024; x_wconf 85' lang='lat' dir='ltr'>amis</span> <span class='ocrx_word' id='word_1_21' title='bbox 918 945 996 1022; x_wconf 89' lang='lat' dir='ltr'>vini</span> <span class='ocrx_word' id='word_1_22' title='bbox 1018 947 1209 1026; x_wconf 88' lang='lat' dir='ltr'>Bacharac.</span> <span class='ocrx_word' id='word_1_23' title='bbox 1236 975 1302 1032; x_wconf 81' lang='lat' dir='ltr'>ex.</span> <span class='ocrx_word' id='word_1_24' title='bbox 1342 947 1358 1034; x_wconf 83' lang='grc'>,’</span> <span class='ocrx_word' id='word_1_25' title='bbox 1452 1017 1477 1048; x_wconf 69' lang='lat'>,-</span> <span class='ocrx_word' id='word_1_26' title='bbox 1507 971 1510 980; x_wconf 77' lang='grc'>’</span> 
     </span>
     <span class='ocr_line' id='line_1_5' title="bbox 241 1048 1301 1162; baseline 0.015 -36"><span class='ocrx_word' id='word_1_27' title='bbox 241 1048 242 1052; x_wconf 61' lang='lat'><em>&#39;</em></span> <span class='ocrx_word' id='word_1_28' title='bbox 281 1049 488 1162; x_wconf 82' lang='lat' dir='ltr'>solvuntur.</span> <span class='ocrx_word' id='word_1_29' title='bbox 507 1053 540 1130; x_wconf 80' lang='lat' dir='ltr'>li</span> <span class='ocrx_word' id='word_1_30' title='bbox 564 1072 685 1134; x_wconf 91' lang='lat' dir='ltr'>autem</span> <span class='ocrx_word' id='word_1_31' title='bbox 716 1078 944 1158; x_wconf 84' lang='lat' dir='ltr'>compertum</span> <span class='ocrx_word' id='word_1_32' title='bbox 968 1057 1104 1158; x_wconf 74' lang='lat' dir='ltr'>fuerit,</span> <span class='ocrx_word' id='word_1_33' title='bbox 1143 1063 1301 1162; x_wconf 83' lang='lat' dir='ltr'>aliquem</span> 
     </span>
     <span class='ocr_line' id='line_1_6' title="bbox 281 1169 1429 1282; baseline 0.01 -35"><span class='ocrx_word' id='word_1_34' title='bbox 281 1169 432 1248; x_wconf 68' lang='lat' dir='ltr'>fruetus</span> <span class='ocrx_word' id='word_1_35' title='bbox 450 1173 642 1251; x_wconf 83' lang='lat' dir='ltr'>deservitos</span> <span class='ocrx_word' id='word_1_36' title='bbox 658 1178 715 1254; x_wconf 78' lang='lat' dir='ltr'>oei</span> <span class='ocrx_word' id='word_1_37' title='bbox 738 1178 989 1264; x_wconf 72' lang='lat' dir='ltr'>del&#39;erviendos</span> <span class='ocrx_word' id='word_1_38' title='bbox 1006 1194 1069 1258; x_wconf 90' lang='lat' dir='ltr'>aut</span> <span class='ocrx_word' id='word_1_39' title='bbox 1082 1181 1223 1259; x_wconf 87' lang='lat' dir='ltr'>ratione</span> <span class='ocrx_word' id='word_1_40' title='bbox 1238 1189 1303 1266; x_wconf 81' lang='lat' dir='ltr'>an·</span> <span class='ocrx_word' id='word_1_41' title='bbox 1388 1271 1391 1282; x_wconf 30' lang='grc' dir='ltr'>Ι</span> <span class='ocrx_word' id='word_1_42' title='bbox 1426 1247 1429 1258; x_wconf 91' lang='grc'><em>.</em></span> 
     </span>
     <span class='ocr_line' id='line_1_7' title="bbox 282 1284 1303 1392; baseline 0.023 -36"><span class='ocrx_word' id='word_1_43' title='bbox 282 1303 420 1356; x_wconf 87' lang='lat' dir='ltr'>norum</span> <span class='ocrx_word' id='word_1_44' title='bbox 443 1284 592 1383; x_wconf 69' lang='lat' dir='ltr'>,gratiae</span> <span class='ocrx_word' id='word_1_45' title='bbox 620 1287 754 1366; x_wconf 87' lang='lat' dir='ltr'>dandos</span> <span class='ocrx_word' id='word_1_46' title='bbox 782 1290 891 1367; x_wconf 91' lang='lat' dir='ltr'>alicui</span> <span class='ocrx_word' id='word_1_47' title='bbox 917 1305 1070 1390; x_wconf 88' lang='lat' dir='ltr'>propter</span> <span class='ocrx_word' id='word_1_48' title='bbox 1098 1295 1303 1392; x_wconf 82' lang='lat' dir='ltr'>expressism</span> 
     </span>
     <span class='ocr_line' id='line_1_8' title="bbox 283 1397 1302 1508; baseline 0.017 -35"><span class='ocrx_word' id='word_1_49' title='bbox 283 1397 496 1475; x_wconf 86' lang='lat' dir='ltr'>consensum</span> <span class='ocrx_word' id='word_1_50' title='bbox 520 1399 661 1479; x_wconf 88' lang='lat' dir='ltr'>Decani</span> <span class='ocrx_word' id='word_1_51' title='bbox 685 1403 720 1490; x_wconf 74' lang='lat' dir='ltr'>d</span> <span class='ocrx_word' id='word_1_52' title='bbox 740 1407 888 1505; x_wconf 90' lang='lat' dir='ltr'>capituli</span> <span class='ocrx_word' id='word_1_53' title='bbox 916 1405 1086 1508; x_wconf 70' lang='lat' dir='ltr'>obligasse</span> <span class='ocrx_word' id='word_1_54' title='bbox 1111 1408 1139 1486; x_wconf 90' lang='lat' dir='ltr'>is</span> <span class='ocrx_word' id='word_1_55' title='bbox 1166 1399 1302 1498; x_wconf 79' lang='lat' dir='ltr'>eisdem</span> 
     </span>
     <span class='ocr_line' id='line_1_9' title="bbox 281 1513 1298 1624; baseline 0.018 -32"><span class='ocrx_word' id='word_1_56' title='bbox 281 1513 448 1609; x_wconf 82' lang='lat' dir='ltr'>carebit,</span> <span class='ocrx_word' id='word_1_57' title='bbox 477 1515 570 1590; x_wconf 88' lang='lat' dir='ltr'>salva</span> <span class='ocrx_word' id='word_1_58' title='bbox 596 1533 718 1598; x_wconf 90' lang='lat' dir='ltr'>tamen</span> <span class='ocrx_word' id='word_1_59' title='bbox 739 1523 914 1620; x_wconf 85' lang='lat' dir='ltr'>potestate</span> <span class='ocrx_word' id='word_1_60' title='bbox 933 1522 1087 1624; x_wconf 87' lang='lat' dir='ltr'>desuper</span> <span class='ocrx_word' id='word_1_61' title='bbox 1109 1527 1298 1610; x_wconf 88' lang='lat' dir='ltr'>testamen·</span> 
     </span>
     <span class='ocr_line' id='line_1_10' title="bbox 281 1627 1007 1741; baseline 0.015 -32"><span class='ocrx_word' id='word_1_62' title='bbox 281 1649 366 1711; x_wconf 91' lang='lat' dir='ltr'>tum</span> <span class='ocrx_word' id='word_1_63' title='bbox 382 1629 484 1707; x_wconf 89' lang='lat' dir='ltr'>suum</span> <span class='ocrx_word' id='word_1_64' title='bbox 500 1631 885 1741; x_wconf 84' lang='lat' dir='ltr'>legitinre·ordinandi.</span> <span class='ocrx_word' id='word_1_65' title='bbox 911 1627 914 1637; x_wconf 74' lang='grc'><em>’</em></span> <span class='ocrx_word' id='word_1_66' title='bbox 1003 1713 1007 1720; x_wconf 90' lang='grc'>.</span> 
     </span>
    </p>
   </div>
   <div class='ocr_carea' id='block_1_3' title="bbox 236 1813 1421 3056">
    <p class='ocr_par' dir='ltr' id='par_1_3' title="bbox 236 1813 1421 3056">
     <span class='ocr_line' id='line_1_11' title="bbox 359 1813 1397 1923; baseline 0.015 -35"><span class='ocrx_word' id='word_1_67' title='bbox 359 1813 450 1898; x_wconf 83' lang='lat' dir='ltr'>Item</span> <span class='ocrx_word' id='word_1_68' title='bbox 472 1813 720 1920; x_wconf 70' lang='lat' dir='ltr'>statuimus&amp;</span> <span class='ocrx_word' id='word_1_69' title='bbox 749 1818 955 1917; x_wconf 70' lang='lat' dir='ltr'>ordinamus</span> <span class='ocrx_word' id='word_1_70' title='bbox 990 1823 1086 1918; x_wconf 92' lang='lat' dir='ltr'>quod</span> <span class='ocrx_word' id='word_1_71' title='bbox 1120 1819 1199 1923; x_wconf 88' lang='lat' dir='ltr'>post</span> <span class='ocrx_word' id='word_1_72' title='bbox 1230 1825 1301 1910; x_wconf 83' lang='lat' dir='ltr'>hac</span> <span class='ocrx_word' id='word_1_73' title='bbox 1337 1835 1341 1850; x_wconf 81' lang='grc'><em>“</em></span> <span class='ocrx_word' id='word_1_74' title='bbox 1389 1829 1397 1848; x_wconf 84' lang='grc'>”</span> 
     </span>
     <span class='ocr_line' id='line_1_12' title="bbox 260 1934 1318 2041; baseline 0.006 -24"><span class='ocrx_word' id='word_1_75' title='bbox 260 1978 262 1981; x_wconf 93' lang='grc'><strong><em>·</em></strong></span> <span class='ocrx_word' id='word_1_76' title='bbox 281 1935 440 2041; x_wconf 84' lang='lat' dir='ltr'>quilibet</span> <span class='ocrx_word' id='word_1_77' title='bbox 458 1937 659 2026; x_wconf 86' lang='lat' dir='ltr'>Canonicus</span> <span class='ocrx_word' id='word_1_78' title='bbox 673 1953 868 2036; x_wconf 86' lang='lat' dir='ltr'>antequam</span> <span class='ocrx_word' id='word_1_79' title='bbox 887 1942 933 2016; x_wconf 90' lang='lat' dir='ltr'>ad</span> <span class='ocrx_word' id='word_1_80' title='bbox 955 1934 1199 2041; x_wconf 77' lang='lat' dir='ltr'>boffellionem</span> <span class='ocrx_word' id='word_1_81' title='bbox 1219 1943 1318 2023; x_wconf 73' lang='lat' dir='ltr'>suo-¹</span> 
     </span>
     <span class='ocr_line' id='line_1_13' title="bbox 236 2053 1299 2154; baseline 0.008 -23"><span class='ocrx_word' id='word_1_82' title='bbox 236 2071 240 2076; x_wconf 69' lang='grc'><strong>“</strong></span> <span class='ocrx_word' id='word_1_83' title='bbox 280 2077 369 2131; x_wconf 94' lang='lat' dir='ltr'>rum</span> <span class='ocrx_word' id='word_1_84' title='bbox 398 2053 638 2132; x_wconf 80' lang='lat' dir='ltr'>canonicatus</span> <span class='ocrx_word' id='word_1_85' title='bbox 661 2053 695 2132; x_wconf 76' lang='lat' dir='ltr'>dc</span> <span class='ocrx_word' id='word_1_86' title='bbox 717 2057 946 2154; x_wconf 82' lang='lat' dir='ltr'>praebendae</span> <span class='ocrx_word' id='word_1_87' title='bbox 968 2057 1179 2136; x_wconf 82' lang='lat' dir='ltr'>admittatur</span> <span class='ocrx_word' id='word_1_88' title='bbox 1196 2076 1299 2138; x_wconf 88' lang='lat' dir='ltr'>tene-</span> 
     </span>
     <span class='ocr_line' id='line_1_14' title="bbox 281 2165 1301 2273; baseline 0.006 -27"><span class='ocrx_word' id='word_1_89' title='bbox 281 2169 387 2246; x_wconf 87' lang='lat' dir='ltr'>bitur</span> <span class='ocrx_word' id='word_1_90' title='bbox 400 2165 571 2266; x_wconf 86' lang='lat' dir='ltr'>magistro</span> <span class='ocrx_word' id='word_1_91' title='bbox 584 2166 748 2243; x_wconf 86' lang='lat' dir='ltr'>fabricae</span> <span class='ocrx_word' id='word_1_92' title='bbox 763 2168 944 2246; x_wconf 87' lang='lat' dir='ltr'>Ecclesrae</span> <span class='ocrx_word' id='word_1_93' title='bbox 959 2172 1099 2273; x_wconf 86' lang='lat' dir='ltr'>nqllrae</span> <span class='ocrx_word' id='word_1_94' title='bbox 1114 2173 1301 2257; x_wconf 68' lang='lat' dir='ltr'>exsoluere</span> 
     </span>
     <span class='ocr_line' id='line_1_15' title="bbox 281 2273 1385 2388; baseline 0.01 -31"><span class='ocrx_word' id='word_1_95' title='bbox 281 2279 419 2384; x_wconf 82' lang='lat' dir='ltr'>viginti</span> <span class='ocrx_word' id='word_1_96' title='bbox 450 2282 512 2359; x_wconf 83' lang='lat' dir='ltr'>sex</span> <span class='ocrx_word' id='word_1_97' title='bbox 538 2279 694 2358; x_wconf 88' lang='lat' dir='ltr'>florenos</span> <span class='ocrx_word' id='word_1_98' title='bbox 725 2304 853 2361; x_wconf 86' lang='lat' dir='ltr'>aureos</span> <span class='ocrx_word' id='word_1_99' title='bbox 877 2282 917 2359; x_wconf 91' lang='lat' dir='ltr'>in</span> <span class='ocrx_word' id='word_1_100' title='bbox 938 2307 1026 2360; x_wconf 83' lang='lat' dir='ltr'>auro</span> <span class='ocrx_word' id='word_1_101' title='bbox 1048 2273 1134 2361; x_wconf 91' lang='lat' dir='ltr'>boni</span> <span class='ocrx_word' id='word_1_102' title='bbox 1158 2287 1301 2367; x_wconf 74' lang='lat' dir='ltr'>auri&amp;</span> <span class='ocrx_word' id='word_1_103' title='bbox 1351 2379 1355 2388; x_wconf 17' lang='lat' dir='ltr'>q</span> <span class='ocrx_word' id='word_1_104' title='bbox 1383 2299 1385 2306; x_wconf 88' lang='grc'><strong>’</strong></span> 
     </span>
     <span class='ocr_line' id='line_1_16' title="bbox 277 2393 1350 2500; baseline 0.003 -25"><span class='ocrx_word' id='word_1_105' title='bbox 277 2393 366 2500; x_wconf 84' lang='lat' dir='ltr'>justi</span> <span class='ocrx_word' id='word_1_106' title='bbox 382 2394 553 2494; x_wconf 87' lang='lat' dir='ltr'>ponderis</span> <span class='ocrx_word' id='word_1_107' title='bbox 576 2396 622 2471; x_wconf 83' lang='lat' dir='ltr'>de</span> <span class='ocrx_word' id='word_1_108' title='bbox 643 2395 773 2494; x_wconf 89' lang='lat' dir='ltr'>q‘uibus</span> <span class='ocrx_word' id='word_1_109' title='bbox 792 2396 982 2474; x_wconf 85' lang='lat' dir='ltr'>duodecim</span> <span class='ocrx_word' id='word_1_110' title='bbox 997 2395 1092 2474; x_wconf 90' lang='lat' dir='ltr'>inter</span> <span class='ocrx_word' id='word_1_111' title='bbox 1113 2398 1198 2477; x_wconf 85' lang='lat' dir='ltr'>Dl).</span> <span class='ocrx_word' id='word_1_112' title='bbox 1220 2399 1299 2478; x_wconf 90' lang='lat' dir='ltr'>De·</span> <span class='ocrx_word' id='word_1_113' title='bbox 1348 2396 1350 2407; x_wconf 82' lang='grc'><strong>’</strong></span> 
     </span>
     <span class='ocr_line' id='line_1_17' title="bbox 282 2507 1410 2620; baseline 0 -29"><span class='ocrx_word' id='word_1_114' title='bbox 282 2535 416 2605; x_wconf 80' lang='lat' dir='ltr'>canum</span> <span class='ocrx_word' id='word_1_115' title='bbox 435 2509 677 2589; x_wconf 72' lang='lat' dir='ltr'>&amp;canonicos</span> <span class='ocrx_word' id='word_1_116' title='bbox 704 2530 870 2612; x_wconf 87' lang='lat' dir='ltr'>tempore</span> <span class='ocrx_word' id='word_1_117' title='bbox 895 2507 1110 2609; x_wconf 72' lang='lat' dir='ltr'>poffeffionis</span> <span class='ocrx_word' id='word_1_118' title='bbox 1131 2516 1300 2608; x_wconf 83' lang='lat' dir='ltr'>praelen·</span> <span class='ocrx_word' id='word_1_119' title='bbox 1369 2559 1374 2564; x_wconf 95' lang='lat'>·</span> <span class='ocrx_word' id='word_1_120' title='bbox 1408 2613 1410 2620; x_wconf 23' lang='grc' dir='ltr'>Ι</span> 
     </span>
     <span class='ocr_line' id='line_1_18' title="bbox 280 2615 1300 2726; baseline -0.01 -18"><span class='ocrx_word' id='word_1_121' title='bbox 280 2615 335 2708; x_wconf 81' lang='lat' dir='ltr'>tes</span> <span class='ocrx_word' id='word_1_122' title='bbox 351 2627 551 2726; x_wconf 87' lang='lat' dir='ltr'>aequaliter</span> <span class='ocrx_word' id='word_1_123' title='bbox 570 2623 850 2722; x_wconf 76' lang='lat' dir='ltr'>distribuentur,</span> <span class='ocrx_word' id='word_1_124' title='bbox 878 2625 1001 2704; x_wconf 72' lang='lat' dir='ltr'>&amp;duo</span> <span class='ocrx_word' id='word_1_125' title='bbox 1017 2626 1208 2708; x_wconf 87' lang='lat' dir='ltr'>secretario</span> <span class='ocrx_word' id='word_1_126' title='bbox 1233 2655 1300 2712; x_wconf 87' lang='lat' dir='ltr'>no.</span> 
     </span>
     <span class='ocr_line' id='line_1_19' title="bbox 280 2739 1421 2842; baseline 0.004 -19"><span class='ocrx_word' id='word_1_127' title='bbox 280 2747 355 2823; x_wconf 90' lang='lat' dir='ltr'>stro</span> <span class='ocrx_word' id='word_1_128' title='bbox 377 2765 447 2840; x_wconf 87' lang='lat' dir='ltr'>pro</span> <span class='ocrx_word' id='word_1_129' title='bbox 465 2742 697 2842; x_wconf 79' lang='lat' dir='ltr'>assignatione</span> <span class='ocrx_word' id='word_1_130' title='bbox 710 2741 926 2840; x_wconf 77' lang='lat' dir='ltr'>possessionis</span> <span class='ocrx_word' id='word_1_131' title='bbox 942 2739 976 2818; x_wconf 75' lang='lat' dir='ltr'>d</span> <span class='ocrx_word' id='word_1_132' title='bbox 996 2741 1225 2822; x_wconf 72' lang='lat' dir='ltr'>confectione</span> <span class='ocrx_word' id='word_1_133' title='bbox 1240 2747 1299 2828; x_wconf 90' lang='lat' dir='ltr'>in·</span> <span class='ocrx_word' id='word_1_134' title='bbox 1409 2747 1421 2778; x_wconf 69' lang='lat'>¹·</span> 
     </span>
     <span class='ocr_line' id='line_1_20' title="bbox 279 2855 1323 2964; baseline 0.001 -25"><span class='ocrx_word' id='word_1_135' title='bbox 279 2856 471 2939; x_wconf 87' lang='lat' dir='ltr'>strumenti</span> <span class='ocrx_word' id='word_1_136' title='bbox 489 2855 841 2955; x_wconf 68' lang='lat' dir='ltr'>pollbffionb&#39;lludm</span> <span class='ocrx_word' id='word_1_137' title='bbox 856 2857 1056 2934; x_wconf 85' lang='lat' dir='ltr'>tradentur.</span> <span class='ocrx_word' id='word_1_138' title='bbox 1081 2857 1212 2956; x_wconf 88' lang='lat' dir='ltr'>reliqui</span> <span class='ocrx_word' id='word_1_139' title='bbox 1234 2881 1300 2940; x_wconf 77' lang='lat' dir='ltr'>ve·</span> <span class='ocrx_word' id='word_1_140' title='bbox 1322 2961 1323 2964; x_wconf 5' lang='lat' dir='ltr'>q</span> 
     </span>
     <span class='ocr_line' id='line_1_21' title="bbox 278 2967 1326 3056; baseline -0.002 -2"><span class='ocrx_word' id='word_1_141' title='bbox 278 2999 321 3054; x_wconf 89' lang='lat' dir='ltr'>ro</span> <span class='ocrx_word' id='word_1_142' title='bbox 349 2973 543 3052; x_wconf 88' lang='lat' dir='ltr'>duodecim</span> <span class='ocrx_word' id='word_1_143' title='bbox 566 2972 698 3050; x_wconf 86' lang='lat' dir='ltr'>floreni</span> <span class='ocrx_word' id='word_1_144' title='bbox 723 2968 822 3048; x_wconf 84' lang='lat' dir='ltr'>aurei</span> <span class='ocrx_word' id='word_1_145' title='bbox 850 2967 888 3045; x_wconf 87' lang='lat' dir='ltr'>in</span> <span class='ocrx_word' id='word_1_146' title='bbox 917 2969 995 3047; x_wconf 89' lang='lat' dir='ltr'>usus</span> <span class='ocrx_word' id='word_1_147' title='bbox 1021 2969 1182 3048; x_wconf 86' lang='lat' dir='ltr'>fabricae</span> <span class='ocrx_word' id='word_1_148' title='bbox 1212 2999 1326 3056; x_wconf 47' lang='lat' dir='ltr'>con-rx</span> 
     </span>
    </p>
   </div>
   <div class='ocr_carea' id='block_1_4' title="bbox 276 3083 1498 3754">
    <p class='ocr_par' dir='ltr' id='par_1_4' title="bbox 276 3083 1397 3304">
     <span class='ocr_line' id='line_1_22' title="bbox 277 3083 1397 3190; baseline 0.008 -27"><span class='ocrx_word' id='word_1_149' title='bbox 277 3104 484 3165; x_wconf 86' lang='lat' dir='ltr'>vertentur.</span> <span class='ocrx_word' id='word_1_150' title='bbox 511 3087 598 3166; x_wconf 90' lang='lat' dir='ltr'>dum</span> <span class='ocrx_word' id='word_1_151' title='bbox 620 3102 740 3164; x_wconf 87' lang='lat' dir='ltr'>autem</span> <span class='ocrx_word' id='word_1_152' title='bbox 772 3085 817 3162; x_wconf 85' lang='lat' dir='ltr'>ad</span> <span class='ocrx_word' id='word_1_153' title='bbox 841 3083 1072 3163; x_wconf 84' lang='lat' dir='ltr'>resrdentiam</span> <span class='ocrx_word' id='word_1_154' title='bbox 1095 3087 1300 3173; x_wconf 86' lang='lat' dir='ltr'>admittitur</span> <span class='ocrx_word' id='word_1_155' title='bbox 1394 3183 1397 3190; x_wconf 18' lang='lat'><strong>⁴</strong></span> 
     </span>
     <span class='ocr_line' id='line_1_23' title="bbox 276 3190 1296 3304; baseline 0.004 -30"><span class='ocrx_word' id='word_1_156' title='bbox 276 3190 428 3300; x_wconf 86' lang='lat' dir='ltr'>praeter</span> <span class='ocrx_word' id='word_1_157' title='bbox 452 3197 515 3276; x_wconf 82' lang='lat' dir='ltr'>sex</span> <span class='ocrx_word' id='word_1_158' title='bbox 535 3199 692 3275; x_wconf 87' lang='lat' dir='ltr'>florenos</span> <span class='ocrx_word' id='word_1_159' title='bbox 715 3216 844 3270; x_wconf 87' lang='lat' dir='ltr'>aureos</span> <span class='ocrx_word' id='word_1_160' title='bbox 872 3217 960 3293; x_wconf 87' lang='lat' dir='ltr'>quos</span> <span class='ocrx_word' id='word_1_161' title='bbox 986 3198 1032 3270; x_wconf 91' lang='lat' dir='ltr'>ad</span> <span class='ocrx_word' id='word_1_162' title='bbox 1064 3218 1296 3304; x_wconf 83' lang='lat' dir='ltr'>ornamenta,</span> 
     </span>
    </p>

    <p class='ocr_par' dir='ltr' id='par_1_5' title="bbox 278 3305 1298 3411">
     <span class='ocr_line' id='line_1_24' title="bbox 278 3305 1298 3411; baseline -0.002 -17"><span class='ocrx_word' id='word_1_163' title='bbox 278 3331 318 3394; x_wconf 92' lang='lat' dir='ltr'>ut</span> <span class='ocrx_word' id='word_1_164' title='bbox 345 3313 456 3411; x_wconf 87' lang='lat' dir='ltr'>supra</span> <span class='ocrx_word' id='word_1_165' title='bbox 475 3305 666 3406; x_wconf 79' lang='lat' dir='ltr'>statutum‘,</span> <span class='ocrx_word' id='word_1_166' title='bbox 702 3307 854 3388; x_wconf 82' lang='lat' dir='ltr'>exsolvit</span> <span class='ocrx_word' id='word_1_167' title='bbox 875 3310 991 3388; x_wconf 89' lang='lat' dir='ltr'>adhuc</span> <span class='ocrx_word' id='word_1_168' title='bbox 1015 3313 1205 3392; x_wconf 88' lang='lat' dir='ltr'>duodecim</span> <span class='ocrx_word' id='word_1_169' title='bbox 1229 3317 1298 3392; x_wconf 80' lang='lat' dir='ltr'>ilo·</span> 
     </span>
    </p>

    <p class='ocr_par' dir='ltr' id='par_1_6' title="bbox 276 3419 1498 3646">
     <span class='ocr_line' id='line_1_25' title="bbox 276 3419 1498 3516; baseline -0.011 -11"><span class='ocrx_word' id='word_1_170' title='bbox 276 3449 385 3504; x_wconf 85' lang='lat' dir='ltr'>renos</span> <span class='ocrx_word' id='word_1_171' title='bbox 405 3423 569 3501; x_wconf 81' lang='lat' dir='ltr'>similiter</span> <span class='ocrx_word' id='word_1_172' title='bbox 591 3421 631 3498; x_wconf 92' lang='lat' dir='ltr'>in</span> <span class='ocrx_word' id='word_1_173' title='bbox 653 3443 742 3498; x_wconf 86' lang='lat' dir='ltr'>auro</span> <span class='ocrx_word' id='word_1_174' title='bbox 769 3421 815 3496; x_wconf 90' lang='lat' dir='ltr'>ad</span> <span class='ocrx_word' id='word_1_175' title='bbox 839 3424 1017 3500; x_wconf 87' lang='lat' dir='ltr'>culturam</span> <span class='ocrx_word' id='word_1_176' title='bbox 1043 3425 1172 3503; x_wconf 88' lang='lat' dir='ltr'>vineae</span> <span class='ocrx_word' id='word_1_177' title='bbox 1196 3419 1297 3508; x_wconf 78' lang='lat' dir='ltr'>mau&#39;.</span> <span class='ocrx_word' id='word_1_178' title='bbox 1374 3443 1392 3474; x_wconf 60' lang='grc' dir='ltr'><strong><em>ι</em></strong></span> <span class='ocrx_word' id='word_1_179' title='bbox 1414 3458 1434 3482; x_wconf 52' lang='lat' dir='ltr'>s</span> <span class='ocrx_word' id='word_1_180' title='bbox 1485 3505 1498 3516; x_wconf 25' lang='lat'>³</span> 
     </span>
     <span class='ocr_line' id='line_1_26' title="bbox 276 3526 1296 3646; baseline 0.003 -26"><span class='ocrx_word' id='word_1_181' title='bbox 276 3565 406 3620; x_wconf 88' lang='lat' dir='ltr'>rorum</span> <span class='ocrx_word' id='word_1_182' title='bbox 428 3526 485 3616; x_wconf 89' lang='lat' dir='ltr'>vel</span> <span class='ocrx_word' id='word_1_183' title='bbox 505 3559 631 3616; x_wconf 88' lang='lat' dir='ltr'>eorum</span> <span class='ocrx_word' id='word_1_184' title='bbox 654 3559 784 3614; x_wconf 83' lang='lat' dir='ltr'>verum</span> <span class='ocrx_word' id='word_1_185' title='bbox 809 3538 968 3614; x_wconf 87' lang='lat' dir='ltr'>valorem</span> <span class='ocrx_word' id='word_1_186' title='bbox 992 3540 1179 3637; x_wconf 61' lang='lat' dir='ltr'>praefecto</span> <span class='ocrx_word' id='word_1_187' title='bbox 1202 3539 1296 3646; x_wconf 63' lang='lat' dir='ltr'>ejus-</span> 
     </span>
    </p>

    <p class='ocr_par' dir='ltr' id='par_1_7' title="bbox 278 3649 1165 3763">
     <span class='ocr_line' id='line_1_27' title="bbox 278 3649 1165 3754; baseline -0.002 -20"><span class='ocrx_word' id='word_1_188' title='bbox 278 3658 361 3754; x_wconf 85' lang='lat' dir='ltr'>dem</span> <span class='ocrx_word' id='word_1_189' title='bbox 376 3653 606 3749; x_wconf 78' lang='lat' dir='ltr'>numerabit,</span> <span class='ocrx_word' id='word_1_190' title='bbox 632 3657 748 3752; x_wconf 82' lang='lat' dir='ltr'>prout</span> <span class='ocrx_word' id='word_1_191' title='bbox 761 3649 970 3728; x_wconf 89' lang='lat' dir='ltr'>consuetum</span> <span class='ocrx_word' id='word_1_192' title='bbox 988 3649 1049 3730; x_wconf 89' lang='lat' dir='ltr'>est.</span> <span class='ocrx_word' id='word_1_193' title='bbox 1160 3723 1165 3732; x_wconf 92' lang='lat'>.</span> 
     </span>
    </p>
   </div>
   <div class='ocr_carea' id='block_1_5' title="bbox 275 3818 1377 4264">
    <p class='ocr_par' dir='ltr' id='par_1_8' title="bbox 275 3818 1377 4264">
     <span class='ocr_line' id='line_1_28' title="bbox 347 3818 1377 3929; baseline 0.003 -20"><span class='ocrx_word' id='word_1_194' title='bbox 347 3835 496 3909; x_wconf 87' lang='lat' dir='ltr'>Etcum</span> <span class='ocrx_word' id='word_1_195' title='bbox 520 3829 624 3927; x_wconf 85' lang='lat' dir='ltr'>saepe</span> <span class='ocrx_word' id='word_1_196' title='bbox 645 3825 785 3905; x_wconf 72' lang='lat' dir='ltr'>indocli</span> <span class='ocrx_word' id='word_1_197' title='bbox 801 3847 845 3903; x_wconf 86' lang='lat' dir='ltr'>ae</span> <span class='ocrx_word' id='word_1_198' title='bbox 863 3827 948 3904; x_wconf 87' lang='lat' dir='ltr'>alias</span> <span class='ocrx_word' id='word_1_199' title='bbox 962 3828 1080 3906; x_wconf 88' lang='lat' dir='ltr'>minus</span> <span class='ocrx_word' id='word_1_200' title='bbox 1103 3818 1298 3929; x_wconf 72' lang='lat' dir='ltr'>qua&#39;lilicati</span> <span class='ocrx_word' id='word_1_201' title='bbox 1372 3851 1377 3858; x_wconf 87' lang='grc'>’</span> 
     </span>
     <span class='ocr_line' id='line_1_29' title="bbox 276 3920 1294 4045; baseline 0.001 -22"><span class='ocrx_word' id='word_1_202' title='bbox 276 3943 380 4023; x_wconf 89' lang='lat' dir='ltr'>nobis</span> <span class='ocrx_word' id='word_1_203' title='bbox 393 3945 660 4040; x_wconf 82' lang='lat' dir='ltr'>obtrudantur,</span> <span class='ocrx_word' id='word_1_204' title='bbox 687 3920 871 4022; x_wconf 80' lang='lat' dir='ltr'>statuimbs</span> <span class='ocrx_word' id='word_1_205' title='bbox 889 3943 985 4040; x_wconf 91' lang='lat' dir='ltr'>quod</span> <span class='ocrx_word' id='word_1_206' title='bbox 1009 3941 1116 4019; x_wconf 88' lang='lat' dir='ltr'>nemo</span> <span class='ocrx_word' id='word_1_207' title='bbox 1142 3949 1187 4019; x_wconf 92' lang='lat' dir='ltr'>ad</span> <span class='ocrx_word' id='word_1_208' title='bbox 1211 3945 1294 4045; x_wconf 76' lang='lat' dir='ltr'>po&#39;l&#39;·</span> 
     </span>
     <span class='ocr_line' id='line_1_30' title="bbox 275 4053 1295 4152; baseline 0.005 -18"><span class='ocrx_word' id='word_1_209' title='bbox 275 4055 458 4134; x_wconf 82' lang='lat' dir='ltr'>seffionem</span> <span class='ocrx_word' id='word_1_210' title='bbox 483 4053 763 4135; x_wconf 74' lang='lat' dir='ltr'>canonicatus&amp;</span> <span class='ocrx_word' id='word_1_211' title='bbox 782 4054 1032 4152; x_wconf 62' lang='lat' dir='ltr'>praebendae,</span> <span class='ocrx_word' id='word_1_212' title='bbox 1058 4054 1214 4132; x_wconf 88' lang='lat' dir='ltr'>vicariae</span> <span class='ocrx_word' id='word_1_213' title='bbox 1235 4063 1295 4140; x_wconf 91' lang='lat' dir='ltr'>vel</span> 
     </span>
     <span class='ocr_line' id='line_1_31' title="bbox 275 4159 1322 4264; baseline 0.001 -18"><span class='ocrx_word' id='word_1_214' title='bbox 275 4166 384 4248; x_wconf 89' lang='lat' dir='ltr'>officii</span> <span class='ocrx_word' id='word_1_215' title='bbox 394 4168 566 4248; x_wconf 82' lang='lat' dir='ltr'>maxime</span> <span class='ocrx_word' id='word_1_216' title='bbox 575 4168 623 4247; x_wconf 84' lang='lat' dir='ltr'>ad</span> <span class='ocrx_word' id='word_1_217' title='bbox 635 4159 868 4248; x_wconf 77' lang='lat' dir='ltr'>residentiam</span> <span class='ocrx_word' id='word_1_218' title='bbox 888 4165 1031 4246; x_wconf 89' lang='lat' dir='ltr'>admitti</span> <span class='ocrx_word' id='word_1_219' title='bbox 1051 4165 1200 4264; x_wconf 81' lang='lat' dir='ltr'>debeat,</span> <span class='ocrx_word' id='word_1_220' title='bbox 1228 4171 1295 4254; x_wconf 84' lang='lat' dir='ltr'>nili</span> <span class='ocrx_word' id='word_1_221' title='bbox 1319 4184 1322 4190; x_wconf 87' lang='grc'><em>·</em></span> 
     </span>
    </p>
   </div>
   <div class='ocr_carea' id='block_1_6' title="bbox 779 4281 1280 4417">
    <p class='ocr_par' dir='ltr' id='par_1_9' title="bbox 779 4281 1280 4417">
     <span class='ocr_line' id='line_1_32' title="bbox 779 4281 1280 4417; baseline 0.004 -49"><span class='ocrx_word' id='word_1_222' title='bbox 779 4282 807 4417; x_wconf 79' lang='lat' dir='ltr'>l’</span> <span class='ocrx_word' id='word_1_223' title='bbox 833 4304 857 4384; x_wconf 73' lang='lat' dir='ltr'>r</span> <span class='ocrx_word' id='word_1_224' title='bbox 1095 4281 1280 4370; x_wconf 67' lang='lat' dir='ltr'>curtare2</span> 
     </span>
    </p>
   </div>
   <div class='ocr_carea' id='block_1_7' title="bbox 0 0 1776 5092">
    <p class='ocr_par' dir='ltr' id='par_1_10' title="bbox 0 0 1776 5092">
     <span class='ocr_line' id='line_1_33' title="bbox 0 0 1776 5092; baseline 0 3"><span class='ocrx_word' id='word_1_225' title='bbox 0 0 1776 5092; x_wconf 95' lang='lat' dir='ltr'> </span> 
     </span>
    </p>
   </div>
  </div>
 </body>
</html>
