3542 5092
683 502 856 586 θεώ
929 535 932 546 ·
1154 526 1225 603 ²9³

326 681 387 759 De
407 680 570 760 hereticis.
596 679 778 764 Dominus
792 650 935 764 Oeneo
948 679 1044 784 Papa
1062 682 1105 762 V.
1122 683 1162 764 in
1175 663 1273 767 Con·

253 795 337 876 eilio
356 797 563 876 Viennensi.
689 808 692 816 ’

323 927 391 1004 Ad
409 926 591 1026 nostrum,
625 925 688 1031 qui
712 923 955 1004 desideranter
985 923 1024 1002 in
1050 924 1145 1002 votis
1173 926 1276 1029 geri·

251 1065 355 1140 mus,
388 1060 430 1122 ut
457 1045 547 1124 sides
580 1036 768 1124 Catbolioa
807 1043 847 1120 in
878 1043 1006 1120 nostris
1036 1041 1274 1142 prosperetur

253 1159 480 1258 temporibus
508 1159 545 1236 dc
571 1157 730 1259 pravitas
754 1155 917 1236 heretica
949 1157 993 1233 de
1020 1155 1152 1242 finibus
1181 1158 1273 1236 lide·

253 1268 340 1348 lium
362 1271 588 1369 extirpetur,
614 1293 689 1348 non
705 1267 780 1370 ¹sine
797 1265 1273 1370 displicerem-grandiper,
1307 1319 1313 1361 z

255 1386 353 1462 venit
373 1386 560 1481 auditum,
585 1387 682 1484 quod
699 1383 796 1464 secta
820 1385 976 1484 quedam
991 1381 1270 1462 abhominabilis
1306 1454 1310 1460 .

254 1501 491 1598 quorumdam
520 1499 711 1577 hominum
736 1498 980 1601 malignorum
1006 1497 1069 1596 qui
1093 1493 1272 1576 Bechardi
1330 1591 1335 1604 ι

253 1615 547 1715 &quarumdam
575 1614 785 1710 mulierum⁷
800 1612 1003 1698 infidelium
1032 1635 1102 1712 que
1129 1612 1272 1713 Begine

252 1728 452 1832 vulgariter
466 1744 721 1828 nuncupantur
739 1728 780 1808 in
800 1739 929 1830 reguo*¹
941 1725 1114 1806 Almanie
1133 1747 1270 1826 procu·

252 1859 350 1920 rante
379 1842 497 1920 satore
527 1842 774 1943 malignorum
803 1865 957 1943 operum
989 1839 1272 1940 dampnabiliter

252 1954 442 2034 insurrexit
460 1971 585 2034 tenens
605 1956 642 2035 dc
661 1956 814 2039 asserens
833 1955 1001 2036 doitrina
1019 1955 1081 2034 sua
1094 1953 1271 2058 sacrilega

252 2069 468 2168 deperversa
480 2069 635 2150 inferius
651 2071 852 2175 designatos
867 2093 1024 2150 errores.
1078 2071 1197 2147 Primo
1211 2069 1268 2146 vi·
1318 2156 1324 2180 ι

255 2183 403 2280 delicet,
428 2183 526 2280 quod
544 2183 654 2262 homo
670 2184 709 2276 in
724 2184 800 2268 vita
820 2183 979 2283 presenti
997 2197 1137 2267 tantum
1157 2181 1194 2260 dc
1213 2197 1269 2256 ta·
1320 2227 1325 2246 ι

251 2297 319 2376 lem
339 2295 578 2398 perfeetionis
601 2299 756 2403 gradum
778 2299 897 2402 potest
920 2297 1132 2395 acquirere,
1168 2295 1267 2395 quod
1324 2361 1328 2368 .

251 2415 413 2490 redditur
427 2408 571 2512 penitus
589 2411 835 2514 impeccabilis
854 2411 891 2490 dc
914 2411 1068 2512 amplius
1085 2410 1124 2488 in
1143 2409 1268 2512 gracia

250 2531 425 2629 prolicere
451 2552 526 2606 non
548 2528 696 2607 valebit.
743 2530 863 2621 Num,
890 2544 932 2605 ut
959 2527 1104 2624 dicunt,
1130 2524 1266 2624 siquis
1358 2558 1364 2576 ¹

251 2637 388 2742 semper
404 2639 518 2740 posset
531 2643 735 2742 prolicere,
759 2641 869 2742 poffit
881 2642 1009 2741 aliquis
1038 2640 1154 2720 Cristo
1176 2661 1265 2740 per·

253 2754 379 2836 feclior
410 2759 583 2838 inveniri.
656 2763 820 2839 semem.
855 2761 964 2866 Quod
991 2756 1155 2860 jejunare
1192 2782 1269 2842 nou

253 2890 391 2972 oportet
421 2877 608 2968 hominem
625 2881 700 2957 .vel
729 2902 858 2977 orare,
895 2881 1084 2980 postquem
1109 2879 1266 2980 gradum

252 2989 485 3086 perfeccione
503 2987 607 3091 hujus
628 2991 743 3070 fucrit
761 2989 956 3092 assecutus,
979 2995 1066 3094 quia
1082 3009 1170 3077 tunc
1185 2991 1265 3071 sen·

253 3099 387 3186 suelitis
404 3110 454 3188 est
469 3109 521 3190 ita
534 3096 700 3210 perficite
717 3104 907 3213 spiritui&
926 3114 1059 3194 rationi
1083 3107 1265 3211 subletta,

252 3223 340 3309 quod
365 3223 474 3302 homo
497 3225 613 3324 potest
634 3225 750 3302 libere
768 3226 917 3324 corpori
934 3231 1133 3312 concedere
1161 3225 1266 3324 quic..
1388 3227 1394 3236 '
1531 3329 1532 3332 Ν

254 3333 333 3427 quid
345 3340 478 3438 placet.
536 3343 665 3439 Tertio,
692 3345 790 3442 quod
813 3343 868 3420 illi
890 3344 953 3442 qui
977 3345 1058 3442 sont
1078 3341 1264 3448 inpredi·
1301 3413 1304 3428 ,
1422 3415 1428 3420 .

255 3438 308 3520 ἃῦ
325 3450 444 3548 gradu
466 3453 710 3554 perfeccionis
733 3453 770 3533 dc
791 3453 920 3552 spiritu
937 3457 1173 3542 humanitatis
1188 3476 1263 3536 nou

252 3557 323 3642 sunt
347 3569 503 3666 hunrane
530 3566 680 3670 subjedti
704 3566 940 3666 obediencie,
970 3593 1041 3648 nec
1065 3572 1108 3648 ad
1142 3567 1264 3667 aliqua
1409 3584 1434 3651 ,“

253 3695 420 3783 precepta
448 3679 597 3765 ecclesie
625 3683 859 3784 obligantur,
902 3683 986 3782 quia
1014 3700 1054 3760 ut
1083 3681 1263 3784 asserum,

252 3784 308 3863 ubi
327 3793 470 3893 spiritus
486 3793 659 3893 Domini,
684 3792 739 3869 ibi
752 3793 914 3900 libertas.
975 3792 1140 3900 Quarto,
1163 3784 1270 3893 quod'
1436 3850 1441 3859 =

252 3897 351 3987 homo
376 3910 494 4009 potest
521 3911 573 3988 ito
594 3909 739 3991 finalem
777 3906 1039 3985 beatitudinem
1067 3909 1263 4002 secundum
1337 3925 1342 3944 ’

255 4035 388 4101 omnem
403 4027 558 4129 gradum
580 4020 822 4125 perfeccionis
837 4023 876 4102 in
899 4023 975 4112 vita
995 4019 1155 4122 presenti
1173 4021 1261 4104 alse-

254 4137 328 4236 lli,
350 4137 438 4223 secut
461 4140 571 4223 etiam
593 4136 842 4329 obtinebitTin·
860 4135 938 4222 uita
961 4138 1077 4224 beata
1130 4138 1263 4248 meere

814 4262 843 4343 3
1111 4251 1223 4353 quod·
