3542 5092
551 503 603 609 'aa
878 507 1098 595 ψ’*
1386 606 1389 614 ,

506 688 668 792 palleum
682 677 741 762 ab
762 681 923 763 Eocleiia
948 688 1114 768 Romana
1133 680 1299 798 reqepiti
1333 683 1546 798 Nonquia

414 860 421 883 ι
455 885 459 895 ,
507 821 546 881 te
564 799 691 896 latuit,
717 803 813 899 quod
830 799 978 899 publice
993 797 1115 878 adnm
1139 792 1230 894 fuit,
1254 815 1295 874 ut
1312 819 1410 875 nunc
1436 773 1546 875 sicut

405 962 413 969 ·
507 918 715 1018 accepimus
741 920 899 1017 litteras,
933 943 1019 1019 quas
1038 917 1105 1019 ipfi
1128 914 1378 1012 conterimus,
1404 913 1546 994 afferist

364 1098 368 1111 .
418 1019 452 1033 ”
510 1029 580 1109 effe
599 1033 726 1135 fallas,
750 1034 871 1134 ficque
891 1033 1000 1112 tacite
1019 1035 1141 1112 saltem
1168 1031 1339 1108 defendas
1356 1029 1468 1106 illas
1455 1056 1544 1110 ιιιι-

506 1153 704 1260 prouidus³
730 1178 799 1254 que
814 1154 861 1230 ad
878 1154 1145 1255 perhibendum
1162 1149 1406 1231 testimonium
1429 1151 1546 1231 falfi

506 1270 577 1346 tati
592 1270 710 1348 sunta
733 1267 883 1373 falsarijs
898 1271 1116 1372 impetrate?
1150 1271 1213 1350 An
1229 1269 1390 1346 nostrum
1405 1267 1546 1350 farsam

509 1388 686 1488 presumis
705 1385 882 1488 judicium
900 1391 1101 1490 reprobare
1121 1385 1317 1489 judicando
1339 1387 1383 1464 de
1399 1388 1546 1484 nobis,

509 1503 575 1600 qui
588 1527 614 1581 a
632 1503 738 1580 nobis
760 1526 797 1581 es
817 1503 939 1604 potius
959 1501 1199 1618 judicandus?
1218 1527 1271 1580 -an
1300 1501 1432 1580 oblitus
1451 1501 1544 1580 for-

490 1617 574 1704 :san
603 1641 639 1694 es
675 1616 770 1693 illius
801 1618 898 1715 quod
932 1607 1014 1716 sepe
1049 1641 1121 1694 non
1149 1617 1261 1696 solum
1292 1615 1433 1716 legisti,
1472 1615 1546 1726 sed}

509 1733 621 1808 etiam
640 1731 811 1830 docuisti,
845 1734 944 1831 quod
966 1732 1088 1810 servus
1111 1731 1139 1810 s
1137 1755 1172 1808 ιο
1193 1731 1353 1809 Domino
1379 1729 1445 1808 stat
1472 1709 1546 1838 aud

450 1851 453 1864 '
512 1849 609 1932 cadit
628 1845 663 1923 dr
685 1847 748 1945 qui
765 1872 829 1926 nos
843 1846 983 1948 judicat
999 1846 1178 1924 Dominus
1194 1843 1273 1924 esti
1299 1845 1463 1923 &instar
1485 1819 1546 1950 est}

510 1960 688 2063 sacrilegij
713 1964 756 2039 de
782 1961 922 2063 judicio
940 1963 1116 2062 Principis
1139 1960 1331 2063 judicare?
1367 1961 1546 2062 quamvis

450 2070 452 2077 ’
512 2080 550 2158 de
571 2080 598 2158 fi
619 2083 665 2156 ab
687 2079 892 2179 hujusmodi
922 2083 1037 2167 liberi
1055 2083 1186 2180 fimus,
1211 2107 1258 2160 ex
1282 2085 1386 2160 collat
1372 2101 1409 2158 ta
1428 2075 1546 2162 nobis

514 2193 732 2272 celitust
669 2218 716 2292 po
718 2107 867 2290 tJestate,
904 2195 1068 2296 prompti
1055 2212 1212 2272 ttamen
1247 2219 1293 2273 ex
1320 2185 1546 2295 Apostolica

511 2301 698 2395 humilita't
684 2330 720 2388 te
728 2312 917 2392 fuerimus
937 2313 1150 2402 sufficientes
1174 2316 1290 2414 supet
1299 2313 1366 2414 hijs
1383 2313 1546 2391 redderel

515 2429 685 2508 rationes.
722 2429 884 2508 Lieet‘tr
844 2431 958 2534 rgitur
971 2430 1009 2507 in
1022 2451 1153 2530 penam
1169 2449 1271 2510 tuam
1288 2431 1434 2538 gravius
1449 2453 1542 2528 pro·

518 2547 649 2622 cedere
678 2545 760 2621 de
746 2529 829 2648 J'nre
857 2548 1056 2658 pollemus,
1088 2549 1249 2624 volentes
1283 2567 1320 2625 te
1346 2565 1470 2624 tamen
1497 2543 1542 2619 ad

522 2665 767 2743 obedientiam
790 2689 987 2764 revocare,
1018 2691 1087 2766 per
1110 2653 1321 2767 Apostoliea
1346 2667 1437 2743 Tibi
1453 2664 1546 2742 scri-

498 2796 589 2880 -pta
607 2782 817 2858 mandamus
841 2780 878 2856 dr
906 2779 1065 2858 distridle
1092 2780 1335 2882 precipimus,
1364 2796 1546 2880 quatenus

520 2895 687 2972 reversus
706 2895 754 2969 ad
774 2912 934 2971 mentem
961 2896 1008 2970 ad
1031 2891 1191 2992 prediiii
1215 2889 1546 2990 Archi-Episcopi

521 3011 765 3090 reverentiam
794 3009 960 3088 celeriter
996 3009 1241 3088 &humiliter
1276 3008 1400 3088 redeas
1433 3006 1519 3084 (ιιι
1505 2923 1546 3254 i}

524 3129 603 3227 ipsa
620 3128 776 3206 firmiter
790 3127 826 3202 dr
842 3127 972 3207 devote
987 3125 1169 3230 persistas,
1193 3124 1371 3223 Alioquin
1395 3146 1513 3202 naver

406 3338 409 3349 Ι
524 3268 590 3324 nos
625 3244 742 3323 eidem
769 3245 915 3322 Archi-
925 3248 1104 3349 Episcopo
1137 3237 1372 3338 mandavisse
1411 3257 1452 3318 ut
1477 3207 1546 3318 nin

519 3359 624 3442 infra
645 3357 801 3436 mensem
828 3363 907 3461 post
936 3363 1196 3466 susceptionem
1224 3357 1380 3459 present
1370 3381 1447 3436 rum
1472 3355 1546 3433 im

525 3475 705 3583 piaveris,
739 3479 836 3574 quod
861 3483 1096 3574 mandamus,
1136 3493 1299 3554 extunc
1332 3491 1369 3551 te
1404 3473 1546 3570 ilrblatot

491 3633 495 3640 ·
525 3586 715 3691 Appellat
705 3588 795 3665 tonis
812 3591 1018 3688 obstaculo
1045 3587 1201 3666 audiorit
1204 3604 1260 3664 ate
1277 3586 1396 3662 nostra
1420 3581 1546 3663 sufful

526 3715 608 3801 tus,
636 3705 1065 3813 omnibusEcclefiasticis
1081 3703 1262 3805 beneficijs
1287 3705 1440 3804 spoliare
1457 3723 1546 3802 pro

464 3817 471 3824 ’
532 3818 660 3916 curet,
701 3808 764 3917 &J
770 3838 812 3893 ea
844 3819 1005 3918 personis
1035 3819 1172 3896 idoneis
1211 3817 1322 3910 faciat
1362 3815 1540 3917 affignari.

527 3933 616 4014 Ideo
637 3950 759 4016 autem
775 3935 937 4036 graviter
959 3953 996 4013 te
1013 3930 1229 4034 corripimus
1253 3931 1288 4008 dr
1310 3929 1546 4008 urinaneffi-

530 4053 667 4133 taciter
695 4056 943 4157 corrigamus,
976 4056 1060 4158 quia
1087 4057 1246 4132 dolemus
1269 4069 1306 4129 te
1333 4049 1541 4130 conuersum

531 4163 627 4249 offe
617 4190 656 4245 ιιι
668 4187 793 4253 ucuur
808 4169 1073 4272 perversum,
1070 4169 1115 4248 de
1135 4189 1208 4268 quo
1218 4164 1450 4360 Apostolnaah
1449 4161 1546 4357 segle

1275 4294 1276 4298 ’
1452 4303 1474 4358 ιι
