3542 5092
701 525 873 614 4²⁵0
1145 550 1253 628 ,117

263 706 394 788 oneri
420 703 539 811 gretie
572 703 747 807 dileilum
776 709 893 788 filium
908 723 914 738 ·
930 702 984 786 W.
1015 705 1051 799 ⁹)
1089 709 1132 785 cle
1159 707 1303 809 Stoufeo
1416 705 1419 712 ’

267 822 566 914 concanonicum
591 823 774 919 vestrum,
817 821 879 921 qui
904 823 949 898 ab
979 822 1216 900 adolescentia
1240 823 1302 904 sua

263 943 402 1020 fuerat
430 940 616 1020 vobiscum
653 943 882 1020 laudabiliter
907 939 1155 1036 conversatus,
1188 941 1302 1044 elegi·

266 1059 329 1134 stis
358 1058 470 1136 vobis
497 1058 718 1136 unanimiter
739 1061 776 1138 in
801 1049 993 1160 pastorem.
1040 1059 1195 1138 lVerum
1217 1061 1302 1158 quia

269 1194 436 1274 propter
454 1191 591 1251 metum
613 1173 789 1276 Principis
810 1170 908 1273 cujus
931 1170 1131 1250 incursibus
1157 1167 1207 1250 est
1229 1179 1302 1252 Ec·

268 1289 381 1369 clesra
401 1291 869 1392 eonstmuenfisexpofita,
896 1289 1208 1368 confirmationem
1223 1294 1297 1370 ele-

268 1406 411 1488 ilionis
435 1405 592 1510 ejusdem
608 1407 681 1488 ausi
702 1434 774 1488 non
803 1409 882 1486 estis
912 1433 935 1486 a
960 1399 1161 1486 ieneraoiri
1182 1408 1301 1488 fratre

269 1525 399 1601 nostro
428 1527 466 1601 S.
488 1522 760 1625 maguntinensi
784 1523 1116 1622 Archi-Episcopo
1143 1523 1299 1623 postula·

269 1662 334 1737 re,
362 1662 420 1718 ne·
439 1655 593 1740 propter
618 1639 901 1718 confirmationis
920 1639 1128 1718 dilationem
1143 1638 1301 1718 Ecclesia

269 1761 462 1838 vestre-'in
483 1759 731 1859 'spiritualibus
757 1758 792 1836 <lc
822 1759 1082 1860 temporalibus
1110 1747 1299 1868 incurrere

272 1882 398 1954 valeat
418 1879 700 1972 detrimentum,
722 1877 830 1954 nobis
852 1878 1040 1956 humiliter
1055 1875 1298 1978 supplicastis,

274 2007 316 2068 ut
334 1991 560 2070 considerata
585 1990 721 2068 malitia
742 1993 918 2091 temporis
941 1989 1155 2070 electionem
1184 1989 1299 2090 ipsam
1421 2000 1423 2009 ⁴

273 2111 495 2191 auc'loritotc
520 2111 730 2213 Apostolica
757 2115 974 2192 confirmare
992 2137 1035 2190 ac
1053 2111 1150 2190 dieto
1169 2109 1297 2210 Eletlo

273 2225 636 2302 amministrationem
659 2226 741 2301 tam
756 2224 994 2324 spiritualium
1025 2249 1130 2324 quam
1153 2243 1297 2330 tempo-

271 2340 409 2416 ralium
427 2341 657 2417 committere
685 2338 933 2447 dignmemur.
988 2341 1062 2416 Nos
1093 2339 1206 2439 igitur
1232 2362 1297 2418 ne-

273 2458 476 2539 nellitatem
505 2457 781 2537 Constantienfis
807 2457 966 2537 Ecclelie
1004 2459 1229 2534 attendentes
1260 2457 1297 2539 oz

276 2570 398 2651 eidem
433 2576 595 2652 volente<
623 2589 776 2673 paterno
808 2571 1047 2652 sollicitudine
1077 2572 1294 2674 providere,
1328 2559 1338 2584 '

271 2687 632 2772 'amministrationem
655 2705 730 2768 tam
758 2688 994 2789 spiritualium
1021 2703 1294 2790 quomtempo-

272 2807 405 2888 rollum
426 2809 544 2889 eidem
567 2809 618 2885 W.
643 2809 809 2905 duximus
826 2809 1143 2906 committendam,
1171 2811 1208 2888 in
1226 2833 1297 2911 quo

275 2918 372 3000 idem
391 2923 426 3000 se
445 2925 553 3000 talem
570 2923 707 3002 studeat
729 2921 926 3018 exhiberet
954 2927 1050 3020 quod
1066 2943 1088 3002 a
1103 2929 1295 3026 Metropo-

273 3028 387 3108 litano
405 3031 467 3108 suo
486 3032 768 3110 confirmationis
785 3036 940 3135 gratiam
962 3035 995 3111 sc
1019 3037 1295 3118 consecrationis

273 3166 404 3226 munus
429 3153 479 3242 ··)
509 3153 678 3254 consequi
701 3168 884 3266 mereatur
915 3169 1081 3256 tempore
1101 3161 1293 3264 oportuno.
1342 3135 1350 3146 ’

782 3272 863 3360 Ha
908 3289 911 3296 ’
1105 3277 1243 3355 Datum

295 3443 333 3539 ⁸)
364 3449 558 3520 Wernherus
573 3455 658 3522 Bero
676 3449 715 3522 dc
730 3453 890 3544 Stauffin.
917 3454 986 3532 vid.
1010 3457 1192 3528 Chronicon
1212 3467 1293 3532 Con·

360 3544 546 3714 stantippse
579 3553 668 3646 apud
693 3549 868 3642 Pistorium
902 3553 940 3629 S.
966 3558 1006 3625 lt.
1042 3559 1080 3631 G.
1113 3543 1201 3631 Tan.
1229 3563 1289 3635 111.
1330 3583 1332 3588 '

363 3662 443 3741 Fag-
513 3671 545 3724 ⁹·
1422 3694 1426 3703 ’

274 3797 321 3893 “)
346 3808 515 3880 Omnibus
529 3828 646 3884 notum
668 3809 714 3882 est
739 3812 827 3884 &cx
849 3817 912 3886 hoc
930 3817 1024 3890 Brevi
1048 3815 1157 3890 denuo
1179 3821 1290 3891 meni·

293 3923 298 3936 '
365 3902 483 3995 festum
503 3907 560 3994 fit,
587 3911 677 4005 quod
694 3906 913 3984 Confirmatio
935 3914 967 3986 ἃ
987 3913 1193 3987 Constet-noo
1211 3915 1286 3989 Suf-

363 3999 594 4094 frogooeorum
604 4006 723 4104 Episco
748 4031 847 4078 orum
861 4010 900 4082 ad
911 4012 1188 4110 Metropolitanus
1204 4015 1289 4087 olim

359 4105 568 4197 pertinuerit.
637 4034 857 4178 consimulo
880 4111 908 4179 E
936 4106 1120 4204 iscoporum
1148 4114 1288 4188 Summo

363 4199 517 4271 Pontifici
549 4226 610 4300 per
636 4203 840 4275 Concordetu
872 4134 1216 4379 Afehaffeoburgeosfio
1267 4215 1320 4288 ri.

1060 4342 1064 4352 =
1133 4331 1168 4378 re
1184 4333 1231 4380 er·
