3542 5092
679 528 933 616 μεθ’
1052 492 1223 672 197

260 691 348 809 ejus
365 703 472 808 copia
493 705 583 804 poll‘
583 720 600 784 t
620 707 772 808 haberi,
789 681 967 807 alloquin
990 727 1059 807 per
1077 707 1276 808 capitulum
1419 789 1424 807 q

258 734 408 912 eJccletle
433 823 656 901 Kathedralis
687 827 892 908 examinate
913 821 1054 902 fuerint
1082 825 1277 930 diligenter

257 936 294 1013 tir
316 937 385 1015 nili
408 936 515 1036 ipsus
538 937 708 1040 Episcopi
727 943 786 1017 vel
809 937 959 1037 capituli
980 937 1094 1014 literis
1115 939 1276 1016 testimo-
1346 979 1349 988 ·

257 1052 414 1133 nialibus
427 1049 495 1128 lint
514 1052 667 1153 muniti,
693 1054 729 1132 11
747 1056 816 1133 hoc
835 1055 942 1148 ideo,
967 1051 1052 1151 quia
1072 1073 1140 1161 per
1153 1051 1276 1130 facer-

259 1168 369 1244 dotes
373 1155 557 1266 simplices
578 1186 652 1246 non
672 1170 790 1269 potest
808 1171 853 1245 de
875 1153 992 1244 facili
999 1155 1188 1262 literarum
1210 1189 1276 1243 ve·

258 1280 347 1359 ritas
371 1281 432 1355 vel
454 1273 587 1356 fatfitas
609 1281 786 1383 indagari
835 1279 928 1360 Sane
953 1300 1167 1378 quecunque
1189 1281 1279 1378 per·'

256 1387 1364 1488 mmmmmmmffl'

255 1500 341 1606 jure
360 1508 407 1585 ab
431 1505 549 1587 officio
576 1509 613 1586 11
645 1509 822 1589 beneficio
841 1532 911 1636 ρει
934 1509 1130 1588 triennium
1152 1505 1195 1584 stt
1217 1508 1277 1586 su

258 1619 405 1731 spenst,
421 1625 490 1702 alia
507 1646 604 1723 pena
618 1619 900 1704 nichilominus
885 1639 990 1728 Juxta
1007 1621 1199 1724 superioris
1215 1645 1276 1702 ar·

259 1724 413 1816 bitriunn
426 1737 620 1837 punienda
672 1739 766 1816 Illud
788 1758 941 1836 quoque
956 1734 1131 1853 presentis
1147 1734 1276 1814 attilo·
1279 1729 1282 1736 ’
1356 1738 1360 1746 ’

258 1849 367 1928 ritate
389 1847 549 1949 Concilij
576 1847 662 1926 huic
685 1850 842 1951 capitulo
877 1847 1043 1927 duximus
1076 1835 1283 1927 annectene
1385 1910 1397 1922 ,
1489 1891 1491 1898 ‚

260 1966 372 2060 dum,
397 1969 439 2042 ut
462 1963 491 2042 st
516 1964 604 2042 tales
631 1965 781 2062 clericos
806 1963 881 2044 fine
900 1961 1005 2042 diuis
1027 1963 1156 2042 litteris
1174 1963 1279 2040 testi«

259 2081 475 2164 monialibus
502 2083 702 2181 peticiones
725 2079 802 2157 suas
822 2077 1107 2180 presumpserint
1125 2101 1276 2177 promo·

260 2223 370 2296 vere,
394 2198 544 2298 plebani
559 2195 797 2274 civitatum&
812 2197 982 2274 villarum
997 2190 1104 2292 cialij
1128 2196 1277 2291 adquos
1325 2189 1330 2201 '
1383 2253 1390 2262 .

261 2309 438 2404 veniunt,
466 2331 525 2386 eos
542 2331 624 2385 cum
645 2306 753 2382 rebus
774 2329 901 2382 eorum
915 2328 984 2404 per
1004 2302 1160 2380 seculare
1177 2300 1278 2402 judi·

260 2427 382 2520 oium,
407 2422 539 2502 liclias
558 2419 714 2501 detineri
735 2443 808 2498 non
828 2417 991 2519 poliunt,
1016 2441 1090 2496 non
1110 2415 1288 2501 dubitent
1396 2429 1399 2438 ’

259 2561 466 2738 {ccupare
465 2537 538 2616 loci
557 2536 770 2673 Dyocesono
792 2535 856 2615 seu
883 2533 1168 2637 Archidyacono
1189 2559 1278 2634 pre·

277 2658 466 2736 tutandos.

331 2783 391 2878 Dr
419 2781 619 2882 sortilogijr.
666 2782 726 2861 Ex
760 2776 925 2891 Concilio
947 2769 1164 2858 Provincittli
1189 2771 1279 2850 Mo·

309 2899 426 2978 ntino.
657 2969 661 2975 ,

260 2923 310 3006 gu
326 2991 695 3094 Excomtnunicamus
720 3007 757 3085 tiz
785 3004 1124 3086 anathematizamus
1149 3026 1275 3082 omnes

259 3120 446 3227 sortilegos
470 3122 628 3202 firmiter
649 3121 906 3220 prohibentes,
930 3143 977 3198 ne
998 3119 1044 3194 ab
1070 3119 1142 3196 alio
1166 3141 1276 3224 quam

242 3243 320 3323 'filo
336 3240 539 3341 Episcopo,
550 3235 630 3315 nist
644 3232 794 3315 forsan
781 3260 820 3313 ιιι
841 3235 970 3312 mortis
990 3235 1142 3312 articulo
1161 3235 1278 3312 obsol—
1329 3239 1337 3310 ι’

259 3372 415 3449 vantur,
449 3351 487 3430 ἀ
515 3350 609 3428 hanc
637 3345 1026 3427 excommunicacionis
1057 3341 1276 3426 lentenciam

259 3467 406 3572 sugatis
424 3467 551 3546 diebus
577 3464 780 3562 Dominipis
801 3461 838 3539 tr
861 3462 998 3540 festivis
1020 3485 1088 3598 pet
1110 3461 1274 3540 sacerdo·
1313 3463 1314 3470 '

259 3603 311 3666 tes
327 3588 368 3664 in
385 3606 514 3664 eorum
531 3579 668 3666 eccles
644 3603 685 3683 ιι
699 3581 735 3660 ἁ
751 3579 917 3682 capitulis
937 3580 1159 3691 precipimus
1179 3577 1277 3701 pub·
1286 3689 1290 3694 .
1433 3587 1435 3602 ¹

259 3699 374 3779 litari

330 3811 391 3888 De
403 3805 595 3908 pripilrgiJ's
615 3803 652 3882 11
670 3801 848 3920 excrfftbttt
859 3800 1168 3908 postremorum.
1217 3800 1277 3880 Ex

261 3917 425 4001 Concilio
443 3915 624 3995 Generali

332 4033 507 4136 Quamvis
529 4031 744 4134 quibusdam
769 4016 1019 4132 regularibus
1022 4023 1045 4102 a
1067 4024 1148 4104 sede
1168 4021 1276 4124 Apo·
1258 4030 1291 4140 ᾗ

258 4131 383 4260 stoica
408 4143 454 4228 stt
476 4145 706 4248 couceffum,
738 4155 779 4222 ut
802 4136 890 4241 hijs,
922 4164 986 4244 qur
974 4133 1275 4220 fraternitatem
1303 4161 1309 4172 ·

771 4255 811 4363 ’1
836 4276 855 4356 5
1098 4271 1227 4334 eorum
