3542 5092
688 523 996 640 qap*
1182 533 1235 620 se

265 705 457 788 terensem
475 697 673 808 chlesiam
694 704 740 780 de
761 722 881 782 annua
904 708 1003 776 certa
1026 693 1197 796 pensione
1223 701 1289 778 da-
1332 745 1334 748 ·
1395 741 1399 755 =
1479 693 1484 696 ’

266 824 365 902 centi
382 819 678 920 competentique
697 815 929 896 habitacione
942 810 1051 911 super
1066 811 1169 889 bonis
1190 793 1289 896 dicia

266 935 506 1018 Treverensis
520 933 681 1012 Ecclesie
697 936 814 1010 donec
827 925 985 1024 viiierit,
1010 927 1135 1026 Itaque
1158 928 1202 1004 de
1221 927 1290 1030 hijs

265 1058 360 1135 benc
396 1048 515 1129 securi
546 1045 619 1128 esse
652 1034 840 1148 potuerint
873 1038 1027 1140 pi‘ovide
1058 1060 1289 1138 curaremus,
1445 1061 1448 1070 ’

269 1152 579 1270 qi'iemadmoduni
603 1176 804 1238 memorate
827 1150 1070 1256 compromisit
1094 1152 1216 1228 littera
1236 1152 1291 1228 la-

269 1281 343 1360 cius
356 1275 560 1378 ‘continere
578 1271 769 1370 videntur,
795 1290 881 1346 cuni
904 1287 993 1342 vero
1015 1262 1086 1338 hoc
1109 1261 1224 1360 ipsum
1250 1261 1292 1342 in

269 1420 334 1476 nos
377 1385 673 1492 compromissum
712 1407 782 1483 per
817 1397 939 1482 partes
968 1375 1128 1478 prefatas
1161 1375 1291 1476 sponte

269 1510 402 1590 initum
423 1503 666 1592 soniiillimus¹
682 1498 862 1578 Dominus
880 1493 1001 1573 noster
1017 1489 1198 1570 Dominus
1214 1494 1292 1568 Eu-

271 1634 388 1727 amini
404 1631 502 1728 Papa
518 1640 666 1726 quartus
688 1617 751 1711 sua
766 1613 984 1693 auiloritate
1003 1607 1215 1710 Apostolica
1230 1628 1293 1684 ra-

272 1762 348 1825 tum
374 1743 515 1823 liabens
537 1737 581 1816 dr
599 1757 647 1813 ex
669 1748 770 1810 certa
782 1722 932 1808 'scientia
955 1723 1161 1824 approbans
1182 1719 1290 1802 distis
1457 1717 1464 1732 '

275 1855 576 1941 contendentibus
596 1851 657 1928 vel
681 1844 788 1924 alteri
812 1852 940 1924 eorum
963 1839 1003 1928 in
1028 1837 1110 1914 casu
1129 1860 1203 1914 non
1222 1857 1301 1924 nos
1410 1873 1413 1884 ·

273 1971 480 2062 minationis
502 1972 550 2048 ad
577 1963 713 2045 diuam
732 1958 928 2042 Ecclesiam
952 1957 989 2034 T
989 1952 1221 2032 reverensem
1245 1951 1293 2028 da
1365 2027 1366 2034 a
1419 1930 1442 1978 Ψ
1535 2019 1536 2026 i

276 2111 373 2174 certa
386 2088 561 2194 pensione
579 2085 623 2162 de
652 2100 724 2180 qua
739 2077 846 2157 nobis
866 2072 1054 2152 videbitur
1079 2069 1194 2170 super
1209 2067 1293 2146 sru·
1337 2125 1345 2140 .

276 2212 393 2292 tubus
424 2209 463 2286 dr
488 2200 729 2306 proventibus
751 2197 798 2274 ad
819 2191 981 2272 mensam
1005 2186 1102 2268 diste
1133 2186 1294 2265 Ecclesia
1388 2181 1390 2186 ’
1452 2215 1455 2230 ·

281 2320 570 2434 pertinentibus,
603 2333 773 2392 necnon
800 2307 847 2384 de
875 2324 1040 2407 congrua
1063 2295 1296 2378 habitacione
1327 2314 1329 2318 ’

280 2448 395 2552 quoad
432 2439 570 2520 vixerit
598 2428 807 2515 rescrvandi
833 2423 1050 2508 auctoritate
1082 2417 1296 2520 Apostolica
1463 2457 1498 2484 ,ι

278 2559 492 2672 plenam&
521 2556 676 2634 liberam
711 2544 818 2627 nobis
847 2542 1060 2622 facultatem
1103 2532 1295 2642 concessit,

280 2701 386 2793 prout
399 2683 470 2760 hec
487 2677 534 2756 in.
545 2671 682 2776 prefati
706 2664 858 2748 Domini
881 2660 993 2750 nostri
1010 2653 1211 2759 Apostolici
1228 2677 1296 2755 ap·
1422 2721 1424 2726 ,

280 2796 508 2912 probacionis
526 2795 704 2894 nobisque
726 2780 888 2866 concesse
914 2775 1095 2858 facultatis
1120 2773 1219 2852 bulla
1242 2769 1297 2852 la·v

282 2926 352 3008 cius
368 2919 598 3013 continetur,
624 2906 724 3010 cujus
743 2922 851 2984 tenor
877 2902 922 2978 de
941 2897 1056 2976 verbo
1076 2893 1298 2975 adverbum
1317 2981 1319 2984 ¹

281 3029 490 3138 sequitur&
508 3029 559 3105 est
573 3024 673 3104 talis:
698 3047 734 3092 ε
762 3014 940 3110 augemus
958 3007 1155 3110 Episcopus
1170 3005 1297 3082 servus
1458 2999 1465 3017 ‘
1533 3073 1536 3090 *

281 3162 466 3242 servorum
489 3147 564 3226 Dei
582 3138 862 3242 venerabilibus
884 3130 1060 3210 fratribus
1095 3124 1132 3202 u
1163 3119 1300 3202 dileslo

283 3275 352 3354 lilio
380 3263 579 3348 slieodo'rico
603 3253 933 3359 Archi-Episcopo
954 3239 1158 3325 Coloniensi
1191 3237 1299 3314 Theo·

284 3393 388 3470 dorico
403 3381 532 3467 medlo
552 3367 826 3480 Magantinensi
856 3389 901 3442 ac
916 3359 1091 3460 Friderico
1117 3351 1300 3452 Episcopo
1424 3453 1427 3461 Ι
1517 3415 1536 3458 n

284 3499 536 3590 Worma'tiensi
565 3498 714 3575 saltitem
737 3488 773 3566 dr
800 3476 1048 3583 Apostolicam
1069 3464 1300 3550 benedislio·

284 3643 375 3705 nem.
427 3613 535 3692 Sedes
550 3603 760 3705 Apostolica
777 3593 892 3674 veluti
907 3590 974 3692 pia·
990 3599 1107 3664 mater
1128 3598 1299 3656 nonnun·
1349 3629 1355 3640 .

285 3753 391 3833 quani
417 3746 488 3825 pro
505 3717 680 3822 scandalis
709 3712 744 3790 dr
771 3701 1038 3787 dissensionibus
1065 3683 1298 3772 removendis

286 3871 325 3928 ac
337 3842 498 3926 maxime
509 3829 784 3943 pro-evitandis
806 3824 1011 3902 animarum
1038 3803 1211 3912 periculis
1231 3799 1298 3878 ali·

290 3988 355 4066 qna
370 3957 454 4038 fieri
469 3951 665 4047 consentit,
693 3969 765 4048 qne
778 3941 864 4025 alias
879 3936 949 4028 illis
965 3922 1178 4009 cessantibus
1199 3911 1300 3992 nullo
1337 3947 1340 3955 =

236 4092 239 4131 ¹
289 4081 390 4165 modo
414 4073 666 4176 permitteret,
707 4067 865 4160 dumque
893 4045 1114 4130 affiiuoruni
1139 4029 1301 4110 filiorum

290 4191 398 4299 quieti
416 4184 570 4264 disoluti
588 4177 740 4258 consulit
752 4173 918 4276 rigorem
932 4155 1080 4262 justicie
1105 4141 1244 4226 utiliter
1262 4133 1300 4219 dt

336 4288 766 4407 submouerunt.
932 4279 1022 4378 E'
1091 4403 1101 4418 ,
1166 4277 1254 4337 con·
1327 4325 1333 4332 ,
