3542 5092
476 703 673 791 sueverint-
693 701 778 804 quia
802 701 934 782 tanen'
956 729 1052 782 nunc
1073 693 1278 799 hujusmodi
1304 691 1478 773 necessus

358 834 362 847 “
436 837 443 852 ’
479 823 513 897 dr
539 818 853 917 causaeurgentes
881 815 1034 912 cessant,
1059 814 1093 891 dr
1114 809 1260 896 ecclesia
1282 810 1405 887 nostra
1426 830 1479 882 an·

398 983 405 994 ·
477 938 539 1027 nui
561 952 757 1034 proventus
784 956 831 1011 ex
854 929 1050 1010 dimissione
1074 929 1295 1024 decimarum
1310 927 1480 1004 Bachnra-

456 1051 574 1129 'cens
596 1073 639 1124 ac
658 1047 742 1124 alias
767 1037 964 1140 piorimunr
996 1045 1094 1123 audii
1118 1043 1220 1149 sunt,
1247 1063 1387 1138 nosque
1414 1058 1481 1111 eos-

372 1179 376 1195 '
481 1168 563 1243 dern
583 1165 713 1242 indies
735 1163 806 1244 Dei
824 1163 940 1265 gratia
960 1187 1006 1240 ex
1023 1164 1092 1238 hac
1105 1159 1225 1236 nostra
1241 1153 1484 1256 constitutione

481 1284 608 1388 augeri
633 1283 837 1382 speramus,
873 1281 1010 1358 idcirco
1036 1277 1422 1398 antiquumlstatutum
1445 1271 1485 1342 de

482 1403 585 1479 annis
610 1403 749 1503 gratiae
779 1419 992 1478 renovantes
1015 1401 1199 1478 statuimus
1227 1395 1261 1472 dr
1286 1393 1486 1471 ordinamus

484 1522 582 1622 quod
598 1518 751 1614 quilibet
767 1517 968 1594 Canonicus
982 1517 1167 1618 postquam
1190 1513 1226 1589 in
1250 1508 1413 1606 Dsomino
1431 1503 1487 1582 ob·

485 1633 676 1710 dormierit
705 1631 847 1708 ratione
870 1627 1273 1729 p1·aebendae..du0bos
1307 1622 1488 1723 prioribus

390 1756 394 1765 '
483 1749 586 1824 annis
606 1769 627 1822 a
645 1747 703 1824 die
726 1745 844 1822 obitus
867 1740 1036 1842 proxinre
1065 1741 1291 1840 sequentibus
1314 1761 1414 1814 anno
1435 1737 1490 1810 de-

441 1951 446 1958 „
483 1859 686 1941 servitionis
706 1887 779 1939 non
804 1866 1011 1956 computato
1038 1862 1073 1938 in
1101 1855 1198 1936 festis
1230 1852 1428 1930 nativitatis
1455 1851 1491 1927 B.

406 1974 412 1991 “
486 1977 538 2054 Μ
566 1977 604 2050 V
634 1977 724 2052 ds.
748 1977 889 2064 semion·
908 1974 1076 2074 Episcopi
1093 1967 1397 2065 onnon-uetus,
1422 1969 1493 2044 ble-

389 2082 397 2106 '
488 2091 555 2183 da,
579 2089 717 2167 vinadr
745 2093 915 2190 pecunias
946 2087 1068 2188 quide
1094 2089 1242 2191 quaein
1274 2083 1380 2164 diuis
1401 2087 1494 2166 festis

487 2226 557 2306 pro
583 2224 737 2296 corpore
760 2226 826 2301 per
855 2205 1059 2304 praesentes
1084 2205 1333 2293 deserviuntnr
1363 2203 1497 2296 habere

488 2318 525 2395 dr
540 2341 606 2418 per
625 2339 835 2397 executores
851 2324 928 2400 snos
950 2323 1033 2397 dunt
1051 2321 1335 2416 distribuuntur,
1358 2321 1498 2420 recipe·

487 2450 531 2512 re
555 2433 730 2523 debeant,
757 2436 907 2511 retentis
933 2435 1053 2511 tainen
1072 2435 1116 2510 de
1141 2433 1274 2510 eisdem
1294 2430 1513 2534 fructibus,‚

488 2546 626 2641 bladis,
650 2545 743 2621 vinis
763 2538 798 2622 dc
816 2547 979 2645 pecuniis
997 2545 1256 2648 quinquaginta
1274 2546 1423 2623 florenis
1439 2570 1499 2624 au·
1535 2599 1536 2634 ÷

489 2658 564 2738 reis
586 2657 621 2731 in
643 2677 733 2733 auro
757 2661 810 2734 vel
837 2681 963 2735 eorum
991 2681 1079 2734 vero
1104 2661 1247 2754 valore,
1286 2678 1352 2753 per
1375 2682 1441 2734 nos
1467 2656 1500 2736 dr

408 2832 410 2837 .
488 2764 700 2849 successores
713 2769 849 2845 nosiros
864 2767 902 2844 in
921 2763 1140 2866 emptioneni
1158 2767 1248 2844 certi
1265 2766 1426 2846 dtannui
1444 2793 1501 2846 re·
1534 2793 1536 2876 j

492 2881 587 2957 dirus
602 2906 669 2981 pro
685 2884 859 2960 tnetnoria
879 2882 1043 2966 defundi
1059 2885 1094 2960 in
1122 2881 1268 2958 ecclesia
1288 2884 1406 2960 nostra
1427 2909 1502 2963 nro-

491 3017 542 3074 re.
559 2997 730 3072 consueto
754 2997 947 3090 servanda,
984 2994 1256 3087 convertendis,
1274 2994 1419 3073 ‚etiarnsi
1434 3014 1437 3020 ’
1451 3000 1503 3075 di-

473 3111 572 3202 ¹sius
593 3109 781 3188 desanaus
807 3099 904 3209 apud
927 3135 989 3187 nos
1010 3135 1080 3191 non
1100 3108 1313 3207 sepeliatur,
1337 3115 1503 3193 nolumus

394 3267 401 3278 ·
492 3241 613 3301 tamen
627 3245 695 3320 per
710 3222 899 3320 praemissa
920 3213 1026 3299 aiicui
1045 3223 1189 3300 auferre
1211 3225 1423 3322 potestatem
1442 3232 1503 3307 be.

492 3334 725 3421 nefariendae
752 3337 931 3414 Ecclesiae
958 3341 1096 3414 nostrae
1128 3338 1162 3413 dr
1189 3336 1324 3439 majora
1345 3341 1505 3423 fundare

493 3458 529 3532 dr
550 3455 689 3546 ratione
711 3444 898 3528 fruuuom
921 3452 1216 3550 &proventuum
1234 3452 1416 3547 dierorum
1440 3484 1503 3540 an.

409 3561 414 3570 *
493 3599 636 3682 notrum·
650 3569 788 3672 gratiae
811 3569 974 3647 desunbii
994 3589 1204 3668 executores
1231 3572 1389 3650 officium
1410 3575 1504 3677 ejus.

421 3702 423 3707 ⁴
495 3698 576 3773 dent
594 3694 632 3770 in
649 3691 759 3767 choro
781 3690 968 3786 disponent
990 3687 1023 3764 d
1048 3712 1158 3765 onera
1174 3715 1408 3791 quaecunque
1432 3695 1502 3771 cir·

325 3814 329 3841 ²
434 3885 439 3892 ,
494 3835 538 3886 ca
552 3799 765 3882 charitativa
781 3801 932 3880 siruiidia
948 3801 981 3876 dc
996 3801 1065 3876 alia
1083 3806 1309 3882 occurrentia
1325 3830 1393 3906 pru
1410 3825 1504 3885 tern-

386 3956 393 3965 “
492 3951 584 4032 pore
599 3924 809 4026 gravamina
829 3924 936 3998 instar
954 3918 1235 4000 unius'canonici
1249 3923 1406 4002 viventis
1421 3927 1503 4004 sirb-

494 4045 599 4122 ibont
624 4035 727 4111 distis
752 4039 890 4114 duobus
915 4035 1014 4109 annis
1041 4040 1179 4137 gratiae
1204 4037 1438 4140 durantibus,
1471 4041 1505 4118 dr

494 4176 578 4240 curn
596 4170 806 4238 executores
827 4149 1128 4253 presbyterorum
1151 4154 1407 4232 canonicorum
1428 4155 1504 4233 offi-

1358 4276 1458 4362 cion
