3542 5092
385 636 390 645 ἢ
658 466 875 600 μὴ
977 483 979 486 ’
1180 535 1253 609 229
1325 574 1331 584 -
1395 468 1401 481 ⁸

256 643 462 774 fiatribus
486 689 556 779 suis
574 674 768 794 adjundio‚
793 692 891 774 unde
912 693 1036 776 eadem
1054 691 1214 771 Ecclesia
1232 713 1299 774 no·

258 810 352 887 ssrii
368 806 597 908 experientia
613 812 766 888 docente
780 813 856 888 iioii
877 806 974 884 levia
997 801 1092 905 passa
1117 807 1167 895 est
1187 807 1299 916 detti,

257 946 407 1005 menta
429 940 506 1004 tuni
528 929 626 1025 qudd
648 926 811 1021 extranei
835 924 994 1002 maxime
1013 922 1113 1001 Laici
1137 902 1297 1023 ejusdem
1378 982 1403 998 .,

258 1041 466 1120 Ecclesiae
478 1042 618 1120 nostrae
635 1042 773 1150 secreta
793 1037 1036 1181 exscriptoris
1052 1037 1150 1138 apud
1168 1039 1298 1118 defun·
1361 1115 1366 1124 ,

260 1163 418 1245 &uni
408 1165 564 1244 inventis
587 1143 809 1267 didicerunt,
846 1127 925 1243 tuni
957 1161 1065 1240 etiam
1097 1163 1193 1260 quod
1226 1182 1298 1244 uon
1432 1174 1441 1258 J
1478 1145 1479 1153 Ν

257 1299 467 1373 nunquam
486 1275 685 1376 scripturae
703 1268 907 1378 hujusmodi
926 1273 1067 1372 aliaque
1083 1295 1297 1352 monumen·

261 1412 315 1472 ta
337 1389 572 1470 subtractat
589 1398 634 1471 ad
652 1397 785 1473 alienas
810 1418 936 1486 mantis
960 1394 1129 1470 translata
1145 1390 1297 1468 suerint.
1349 1431 1353 1438 ·

260 1510 380 1588 Huic
394 1509 508 1610 igitur
527 1512 665 1590 exitiali
683 1516 778 1590 malo
794 1529 972 1613 oportune
987 1508 1124 1585 mederi
1145 1505 1305 1618 cupieuq
1361 1499 1381 1540 '¹

261 1645 332 1708 tes
347 1626 532 1708 statuimiu
550 1633 647 1728 quod
666 1631 744 1731 post
765 1632 834 1708 hac
855 1629 1007 1730 quilibet
1029 1626 1207 1706 Ecclesiae
1229 1651 1297 1733 nog
1414 1630 1418 1640 '

263 1748 374 1840 strae
399 1751 581 1845 praelatus
612 1749 804 1828 canonicus
835 1747 874 1829 dr.
908 1745 1063 1824 vicarius
1095 1746 1141 1820 ad
1176 1745 1297 1824 minus
1422 1789 1425 1794 ·

265 1887 390 1944 unum
414 1887 460 1942 ex
483 1866 652 1943 ecclesiae
683 1867 824 1944 nostrae
858 1863 1038 1942 canonicis
1064 1861 1231 1961 praelatis
1260 1862 1298 1942 ilc

264 1975 423 2052 vicariis
440 1977 594 2080 caeteris
609 1977 811 2056 testamenti
825 1976 879 2074 sui
895 1974 1150 2054 executoribus
1169 1975 1296 2082 adjuti.
1321 2019 1324 2026 f

268 2116 369 2198 gere
406 2094 735 2193 executoribusque
759 2093 829 2175 suis
860 2095 1079 2171 demandare
1108 2093 1295 2172 tenebitur

265 2227 315 2289 ut
340 2205 535 2311 scripturas
562 2213 598 2289 ιιι
623 2225 858 2292 monumenta
882 2209 1107 2310 hujusmodi,
1147 2209 1295 2307 siquae
1417 2197 1422 2214 ’

264 2345 423 2427 reperta
439 2327 578 2410 fuerint
600 2331 699 2409 omni
717 2351 821 2408 mora
839 2329 875 2405 tsi
892 2326 1137 2442 reservatione
1160 2324 1294 2404 cessam
1323 2365 1353 2414 x

266 2443 373 2522 tibus
400 2447 604 2525 tradant&
628 2447 829 2525 deliberent
854 2444 918 2523 sub
940 2413 1253 2551 quinquaginta⁸
1224 2441 1293 2518 llo·

267 2582 449 2640 renerum
469 2588 684 2660 aureorum,
712 2581 884 2663 quantum
904 2562 949 2636 ad
964 2564 1143 2660 praelatos
1167 2561 1200 2638 d
1222 2567 1294 2644 Ca
1379 2601 1386 2612 =
1457 2565 1460 2574 ’

267 2677 424 2758 ironicos
452 2679 487 2757 t:
510 2702 644 2786 viginti
668 2683 828 2782 quinque
849 2681 1071 2758 florenorum
1099 2677 1292 2782 similium,

268 2808 450 2890 quantum
467 2795 510 2869 ad
527 2796 681 2872 vicarios
701 2795 830 2870 attinet
852 2791 1131 2868 imeiuisibiliter
1151 2792 1292 2876 solven.

268 2912 404 2985 dorum
423 2913 570 3009 poenis,
595 2935 643 2993 ex
655 2909 793 2988 relictis
811 2908 938 3004 bonis,
964 2908 1186 2985 reditibus&
1205 2935 1293 3010 pro.
1332 2929 1334 2938 ι
1371 2935 1373 2942 ·

238 3077 239 3080 ¹
266 3028 446 3125 ventibus
462 3026 619 3126 ejusdem
640 3027 824 3122 desundli,
858 3049 926 3125 per
945 3009 1156 3128 magistrum
1174 3032 1291 3110 fabri·
1388 3092 1390 3104 .

268 3169 336 3222 cae
353 3167 424 3244 pro
444 3143 587 3224 fabrica
609 3145 670 3225 seu
697 3145 767 3222 alio
790 3145 967 3222 Ecclesiae
992 3147 1131 3224 nostrae
1157 3151 1215 3226 vel
1237 3153 1311 3246 til·¹
1376 3165 1380 3176 ·
1474 3236 1479 3246 ,

266 3260 382 3356 tarn,
408 3263 505 3358 quod
521 3262 713 3342 demoniis
731 3259 927 3360 possedit,
939 3279 1067 3340 ornatu
1087 3265 1324 3368 exigendo·'·
1365 3341 1375 3367 ,Ι
1463 3298 1466 3306 “

266 3407 353 3463 runi
380 3381 715 3465 sublevandorum
703 3405 813 3487 inque
837 3384 942 3468 usum
968 3381 1203 3546 hujiisnrodi
1201 3414 1288 3472 coii·
1352 3467 1357 3476 ,
1401 3415 1421 3439 ·

267 3498 586 3658 vertendoiunt
1180 3534 1183 3549 ·

336 3705 430 3782 Item
451 3727 533 3786 cum
551 3706 738 3807 cupiamus
758 3721 799 3786 ut
813 3707 1066 3789 succeiliiiibus
1078 3711 1205 3791 nostris
1220 3736 1292 3813 per

268 3837 333 3892 nos
363 3803 448 3892 atla
467 3821 512 3894 ad
546 3820 670 3898 eccles
673 3842 715 3897 ae
740 3821 882 3899 nostrae
911 3821 1157 3922 pronaum
1147 3843 1289 3904 iiinote·
1372 3823 1373 3826 ‘

268 3927 389 4022 scant,
425 3929 609 4010 statuimut
643 3935 739 4031 quod
764 3933 843 4034 post
868 3934 940 4012 hoo
972 3947 1219 4036 computantes
1251 3937 1290 4014 iii

269 4028 544 4149 quibuscunque
559 4045 685 4125 officiis
704 4048 775 4126 duo
800 4063 846 4126 ex
875 4047 1036 4150 registris
1057 4073 1125 4156 per
1150 4049 1288 4126 exanii
1383 4100 1385 4108 ,

269 4162 409 4242 ratores
448 4164 653 4267 conscrlpta
687 4185 800 4271 penes
837 4162 1092 4271 Schplasticum
1118 4151 1337 4254 nostruin

781 4277 807 4358 P
832 4297 852 4370 3
1106 4281 1239 4372 eadem
