3542 5092
684 529 857 616 Η
946 593 951 602 ·
1025 521 1034 540 ’
1155 551 1226 632 aas

231 703 326 788 sani
337 703 531 808 Episcopi,
550 729 600 786 ne
618 663 1058 807 quidfraudiscommitti
1073 711 1193 790 ualeat
1208 733 1279 812 per

232 824 422 918 easdem,
473 836 666 920 antequam
707 825 889 921 questores
929 823 1022 924 ipsos
1063 825 1280 932 admittant,
1341 924 1344 934 1

231 931 462 1012 examinent
481 932 699 1034 diligenter,
727 935 773 1009 ad
795 936 887 1031 hoc,
915 937 998 1014 cum
1020 937 1129 1038 aliqui
1146 962 1193 1018 ex
1209 941 1281 1022 hu-

230 1049 410 1156 jusmodi
430 1038 660 1148 questoribus
690 1050 781 1149 ficut
799 1054 845 1128 ad
869 1052 1026 1160 nqstram
1050 1055 1280 1148 audienciam
1344 1061 1364 1120 ⁸.

232 1169 295 1245 est
315 1168 527 1267 prolatum,
560 1191 635 1246 non
659 1167 866 1262 sinemulte
890 1169 1106 1250 temeritatis
1126 1174 1279 1256 audacia

233 1289 276 1366 dr
312 1287 538 1386 decepcione
569 1286 764 1385 multiplici
791 1288 998 1367 animarum
1027 1288 1296 1392 indulgencias'

231 1404 394 1506 populo.
412 1416 513 1477 motu
529 1399 591 1478 suo
608 1401 761 1502 proprio
782 1403 827 1478 de
848 1401 950 1481 fado
973 1407 1192 1503 concedant,
1216 1403 1277 1488 su'-

232 1542 314 1620 per
342 1515 440 1592 uotis
467 1514 690 1615 dispensent,
725 1534 748 1594 a
779 1515 971 1619 perjurijs,
1004 1517 1276 1622 homicidiis&
1371 1569 1372 1574 Ν
1442 1543 1446 1560 Χ
1490 1625 1495 1640 ⁸

234 1635 409 1740 peccatis
433 1627 510 1732 alijs
533 1630 600 1711 fibi
624 1634 837 1715 confitentes
857 1636 1065 1735 absolvant,
1091 1639 1187 1716 mala
1208 1639 1277 1720 ab·

235 1761 321 1836 lata
336 1755 481 1830 incerta
498 1752 580 1826 data
594 1750 661 1828 stbi
677 1750 798 1852 aliqua
817 1753 973 1854 pecunie
996 1753 1197 1854 quantitate
1213 1781 1278 1839 re.
1382 1852 1384 1856 Ι
1409 1729 1421 1764 ·”
1540 1749 1541 1754 ‘

236 1875 425 1969 mittant,
449 1870 603 1946 terciam
623 1887 686 1948 aut
701 1885 868 1972 quartam
884 1888 1026 1974 partem
1046 1877 1090 1953 de
1107 1873 1280 1976 peniten-

239 1985 311 2086 cijs
337 1981 413 2082 alijs
441 1980 610 2082 injunslis
631 1983 820 2082 relaxent,
853 1985 991 2065 animas
1009 2002 1083 2066 tres
1108 1990 1168 2066 vel
1191 1989 1279 2088 plu·

235 2125 305 2183 res
324 2099 598 2199 parentumve]
613 2099 816 2180 amicorum
830 2101 1001 2200 illorum,
1027 2103 1090 2202 qui
1110 2103 1278 2185 elemosi-

237 2241 310 2298 nas
328 2215 382 2292 eis
400 2214 612 2317 conserunt,
630 2217 674 2292 de
690 2216 926 2316 purgatorio,
949 2215 1155 2297 utalserunt
1169 2242 1274 2301 men·

240 2330 410 2426 daciter,
446 2328 638 2406 extrabant
668 2326 704 2404 da
729 2329 773 2404 ad
795 2329 929 2429 gaudia
953 2326 1106 2428 paradisi
1136 2335 1273 2431 perdu-

240 2463 355 2540 cant,
379 2442 679 2523 benefadloribus
703 2445 891 2544 locorum,
917 2467 1073 2544 quorum
1092 2445 1274 2546 questores

240 2553 428 2658 existunt,
452 2558 697 2640 ramillionem
724 2559 929 2670 plenariam
950 2575 1187 2666 peccatorum
1213 2562 1273 2641 in·

242 2689 425 2787 dulgeant
449 2681 487 2759 lie
512 2678 625 2779 aliqui
651 2702 699 2758 ex
722 2679 804 2777 ipsu
830 2703 891 2761 eos
913 2705 936 2761 a
957 2705 1052 2782 pena
1072 2681 1108 2761 dc
1130 2684 1276 2783 aculpa

239 2805 457 2896 absolvant,
483 2797 612 2878 abusus
637 2795 844 2910 hujusmodi
871 2801 1016 2901 penitus
1041 2800 1272 2884 aboletur&
1388 2819 1392 2844 ’

243 2948 290 3005 ea
311 2943 384 3021 per
405 2939 638 3018 quoscunque
669 2917 850 3016 questores
874 2919 957 2998 fieri
981 2920 1041 2996 vel
1059 2915 1271 3018 attemptari
1373 2929 1377 2938 ’

244 3043 292 3119 de
322 3049 449 3112 cetero
477 3031 676 3114 districcius
700 3033 909 3130 inhibetur,
934 3029 971 3108 dr
994 3027 1117 3106 omnia
1141 3027 1176 3104 dr
1200 3026 1273 3130 snt·
1353 3085 1379 3114 ·,

231 3195 236 3210 ·
243 3157 338 3259 gula
351 3146 572 3249 privilegia,
598 3147 625 3226 fi
647 3171 716 3248 qua
736 3147 843 3248 saper
858 3143 1034 3246 premissis
1058 3145 1119 3222 vel
1143 3163 1274 3223 eorum
1332 3197 1334 3208 ·

243 3269 373 3366 aliquo
397 3256 466 3338 fint
489 3259 668 3358 aliquibus
688 3261 784 3338 loeis'
806 3259 995 3340 ordinibus
1022 3257 1081 3335 vel
1104 3252 1271 3355 personis
1293 3265 1308 3322 ι’
1352 3291 1359 3296 ·

246 3379 460 3482 questorum
484 3370 692 3474 hujusmodi
721 3399 865 3476 quoquo
893 3375 1002 3454 modo
1023 3370 1184 3451 roncalia
1206 3391 1273 3446 au·
1403 3367 1420 3464 j
1540 3459 1542 3488 1

246 3495 422 3576 &oritate
448 3489 681 3589 Apostolica,
715 3507 890 3590 quantum
913 3489 961 3568 ad
976 3483 1166 3588 premissa,
1191 3481 1274 3561 sunt
1336 3552 1341 3560 .

246 3611 395 3712 penitus
414 3623 610 3702 revocata,
646 3610 826 3708 questores
836 3621 993 3702 autem,
1022 3599 1091 3700 qui
1103 3599 1274 3696 deinceps
1298 3619 1303 3628 ·

248 3721 288 3804 in
302 3715 478 3822 premissis
497 3722 555 3798 vel
574 3720 695 3820 aliquo
708 3717 961 3822 premissorum
981 3710 1198 3809 deliquerint
1210 3708 1277 3796 vel
1337 3786 1341 3793 ,

248 3834 336 3912 alias
352 3829 467 3909 eciam
487 3832 760 3936 quibuscunque
772 3832 842 3912 suis
857 3820 1059 3929 privilegijs
1071 3819 1171 3914 abusi
1189 3818 1275 3901 fue·
1328 3887 1331 3904 s
1379 3843 1385 3850 ·
1438 3847 1440 3855 ⁴

248 3946 347 4040 rint,
381 3943 432 4022 stc
454 3966 522 4043 per
551 3947 715 4023 locorum
743 3943 940 4043 Episcopus
971 3933 1095 4034 puniri
1127 3933 1300 4034 eosdem*
1368 3991 1372 4008 .

248 4058 474 4157 precipitur,
514 4061 612 4137 nullo
641 4057 785 4160 prorsus
816 4055 952 4132 eisdem
983 4043 1307 4161 questoribuslin·

252 4171 320 4252 hac
337 4187 443 4269 parte
464 4170 668 4298 privilegio
677 4169 929 4276 suffragante,
958 4161 1057 4270 quod
1078 4183 1101 4239 a
1123 4158 1191 4239 suis
1217 4172 1275 4269 ta„

1082 4296 1222 4368 'rueras
